4552 6150
554 563 692 630 “1an

519 691 744 798 inscriptae
773 684 975 770 Meinoires
999 679 1049 768 dr
1076 657 1397 796 Mirbrbrariques
1423 679 1460 766 'er
1487 681 1533 768 de
1571 683 1762 800 Piyripue
1797 689 1988 800 prebenrr's
2025 691 2050 772 i

519 806 749 912 l'Acadr'mie
766 827 910 936 Royale
935 827 1001 909 des
1019 829 1183 910 Sciancar
1208 855 1283 936 par
1308 827 1436 908 diuers
1461 823 1609 908 Sauras
1628 853 1697 910 etc.
1724 829 1920 913 editionis
1942 833 2052 913 Pari-

518 969 631 1049 sinae
657 970 757 1052 anni
784 964 1173 1058 MDCC.LXXX'.,
1199 967 1311 1075 quod
1339 967 1531 1054 Lemma,
1557 965 1866 1072 Sphaerieorum
1894 999 1973 1081 ope
2000 971 2052 1052 ab

519 1135 570 1190 eo
596 1109 944 1198 demonstratum,
970 1105 1078 1188 nihil
1105 1105 1221 1188 aliud
1246 1129 1310 1188 est
1335 1131 1461 1214 quarn
1478 1101 1711 1186 Theorema
1731 1111 2051 1192 vetustissimum

523 1246 845 1354 Pythagoricum
882 1247 1103 1354 Trianguli
1140 1249 1391 1352 rectanguli.
1427 1243 1541 1352 Quid
1577 1243 1631 1326 de
1665 1249 1865 1327 Bossrrto?
1898 1249 1982 1354 Qui
2011 1249 2054 1328 in

523 1385 795 1466 Collectionis
824 1387 1005 1468 eiusdem
1034 1385 1257 1468 Volumina
1285 1383 1355 1468 11⁰.
1381 1385 1435 1466 de
1463 1379 1603 1467 frustis
1630 1384 1829 1467 disserens
1853 1373 2055 1468 Conoidis

525 1523 807 1617 Parabolicae,
832 1527 1038 1634 praesidio
1067 1529 1268 1636 Algebrre
1295 1550 1428 1612 totam
1453 1527 1545 1632 agit
1572 1551 1655 1607 rem
1683 1523 1875 1633 Synthcsi
1903 1524 2056 1608 facilli·

527 1690 594 1746 ma
632 1665 1020 1758 demonstrandam,
1058 1693 1109 1748 ne
1144 1669 1296 1750 omissa
1332 1666 1502 1776 quidem
1540 1667 1641 1748 trita
1678 1688 1722 1746 et
1755 1665 1946 1748 omnibus
1984 1689 2057 1744 no·

524 1823 569 1884 ta
599 1807 849 1910 proprIetate
876 1807 1075 1888 Conoidis
1106 1807 1239 1900 illius,
1266 1786 1413 1916 nempe
1447 1805 1559 1914 quod
1597 1807 1799 1889 sectiones
1838 1807 1930 1888 Basi
1967 1829 2057 1912 per·

407 2035 412 2045 ,
524 1943 804 2046 pendiculares
834 1947 1051 2029 Parabolac
1085 1949 1171 2028 sint
1204 1947 1369 2030 eaedem
1402 1971 1498 2028 cnm
1527 1949 1725 2054 genitrice
1752 1945 1919 2030 rotundi
1955 1943 2058 2026 Soli·

526 2080 705 2162 diduri.

634 2219 709 2324 (5)
740 2221 970 2306 Autumant
998 2225 1250 2334 Scriptorum
1277 2227 1446 2336 quidam
1470 2225 1742 2335 pulcritudinis
1760 2223 1975 2308 essentiam
1995 2247 2059 2302 re-

527 2357 705 2464 positam
734 2385 818 2440 esse
847 2361 890 2442 in
920 2363 1139 2447 formarum
1170 2359 1427 2450 lineamentis
1456 2367 1638 2448 molliter
1664 2365 1849 2453 inflexis,
1875 2383 1949 2443 aut
1985 2385 2059 2438 un·

526 2497 598 2574 das
625 2523 812 2578 aurarum
841 2503 990 2608 spiritu
1017 2507 1196 2608 agitatas
1225 2505 1510 2597 imitantibus,
1540 2507 1606 2586 vel
1636 2529 1683 2586 ut
1708 2503 1861 2585 Graeci
1893 2498 2061 2580 aiebant

527 2623 800 2722 decoramine,
827 2640 874 2717 In
904 2637 1011 2718 hanc
1038 2644 1283 2716 sententiam
1312 2648 1475 2712 iverunt
1502 2647 1575 2736 qui
1602 2646 1729 2711 etiam
1759 2635 1863 2708 illud
1884 2627 2059 2706 Hesiodi

526 2766 818 2864 E‘ruounieauc
854 2769 1202 2867 (Winlrelmanni
1246 2766 1455 2848 Volumen
1505 2771 1578 2848 ΙΝ.
1612 2769 1763 2876 Operis
1803 2764 2059 2846 celeberrimi

530 2910 656 2988 Storia
683 2905 780 2986 della
800 2909 891 2986 Arri
908 2905 971 2985 del
990 2905 1162 3014 Disegno
1178 2931 1248 2986 erc.
1278 2913 1391 3012 pag&-
1417 2907 1510 3014 362·
1539 2907 1733 2987 editionis
1761 2907 1966 2985 Romanae
1991 2931 2059 2984 an.

531 3038 985 3142 MDCCLXXXHF.)
1028 3071 1102 3151 pro
1138 3045 1351 3125 oculorum
1380 3046 1584 3155 palpebris
1614 3045 1773 3125 Venere
1798 3045 1936 3147 dignis
1963 3063 2060 3122 sunt

532 3185 813 3289 interpretati.
832 3183 1056 3288 opinionis
1079 3159 1248 3264 huiirsce
1272 3187 1526 3292 coryphaeus
1546 3207 1608 3267 est
1627 3183 1904 3266 Historiarum
1926 3183 2061 3288 pictor

532 3324 705 3427 insignis
734 3323 971 3428 Hogartlrus
1001 3323 1181 3426 Anglus,
1206 3323 1279 3430 qui
1310 3326 1355 3406 iu
1381 3351 1453 3404 sua
1482 3322 1654 3428 Annlyse
1688 3326 1741 3406 du
1769 3323 1899 3411 Banu,
1933 3343 2058 3426 quam

529 3463 609 3563 legi
650 3462 798 3563 gallice
837 3463 1108 3550 translatam,
1139 3461 1337 3542 obscuros
1378 3489 1515 3544 versus
1556 3461 1681 3544 Plinii
1721 3463 1890 3542 senioris
1932 3459 2067 3558 (Lib,

533 3597 726 3682 xxxv0.
748 3599 838 3706 Cap
855 3595 928 3678 16⁰.
950 3599 1082 3678 Hist2‘.
1105 3601 1300 3697 Naturae)
1323 3599 1433 3680 haud
1463 3626 1604 3706 parum
1630 3601 1801 3706 oblique
1831 3594 2058 3684 intellexit,

532 3765 635 3841 quos
660 3738 716 3818 ad
743 3738 865 3818 fidem
898 3759 1118 3817 contextus
1156 3736 1358 3817 Codicum
1386 3742 1648 3845 antiquorum
1676 3739 1829 3822 rectius
1866 3737 2063 3840 interpre-

537 3876 617 3955 tari
652 3873 793 3954 studui
830 3903 911 3954 una
943 3897 1038 3954 cum
1065 3875 1161 3954 aliis
1189 3874 1530 3960 illustrationibus
1559 3881 1696 3960 Rerum
1714 3873 2062 3980 Geogrupbicarrmr

421 4055 424 4062 ,
535 4012 744 4094 Strabonis
767 4013 810 4092 in
832 4013 983 4094 Salauris
1005 4009 1464 4117 Physica-mariamniae
1488 4015 1685 4101 hactenns
1713 4012 1906 4090 ineditis.
1933 4009 2064 4116 Quid-

535 4153 635 4258 quid
663 4175 802 4232 autem
828 4154 885 4232 sit
919 4151 972 4233 dc
1007 4151 1196 4258 pictura,
1229 4155 1450 4246 statuaria,
1483 4159 1657 4257 aliisque
1693 4148 1849 4229 artibus
1884 4149 2064 4229 delecta-

534 4294 640 4370 tion'r
678 4318 730 4370 ac
768 4291 976 4396 voluptati
1015 4288 1350 4386 inservientibus,
1378 4295 1646 4375 Scicntiarum
1683 4289 1868 4368 omnium
1901 4289 2064 4395 exposi-

535 4429 598 4504 tio
628 4451 709 4502 non
741 4453 811 4530 per
840 4455 965 4507 curva
989 4455 1033 4508 et
1061 4433 1256 4522 obtorta,
1282 4435 1352 4514 sed
1381 4455 1453 4536 per
1479 4448 1590 4506 recta
1617 4447 1661 4506 et
1700 4427 1883 4506 breviora
1923 4450 2065 4532 proce«

538 4561 611 4646 dat
640 4583 800 4642 neccsse
834 4586 898 4642 est
931 4563 987 4642 ad
1023 4591 1159 4645 carum
1187 4571 1457 4675 dignitatem,
1492 4563 1762 4656 facilitatem,
1788 4557 1986 4661 ἀκρίβειαν,
2021 4587 2063 4646 et

539 4721 674 4779 veram
708 4701 1026 4806 pulcritudinem
1052 4697 1402 4812 consequendam.
1729 4703 1732 4712 ’

669 4839 753 4934 (ό)
790 4837 1071 4920 consulantur
1116 4845 1325 4949 Epistulae
1372 4841 1696 4951 elegantissimae
1739 4841 1982 4927 Philalethis
2017 4841 2063 4926 in

541 4977 798 5088 Opusculum
842 4979 895 5060 de
946 4979 1094 5088 Papyri
1133 4979 1450 5072 Herculanensis
1487 4985 1855 5096 interpretatione,
1890 5006 1974 5086 quo
2014 5001 2065 5058 ex

1871 5119 2012 5205 Theo·
