<?xml version="1.0" encoding="UTF-8"?>
<!DOCTYPE html PUBLIC "-//W3C//DTD XHTML 1.0 Transitional//EN"
    "http://www.w3.org/TR/xhtml1/DTD/xhtml1-transitional.dtd">
<html xmlns="http://www.w3.org/1999/xhtml" xml:lang="en" lang="en">
 <head>
  <title>
</title>
<meta http-equiv="Content-Type" content="text/html;charset=utf-8" />
  <meta name='ocr-system' content='tesseract 3.04.00' />
  <meta name='ocr-capabilities' content='ocr_page ocr_carea ocr_par ocr_line ocrx_word'/>
</head>
<body>
  <div class='ocr_page' id='page_1' title='image "./decalcvlointegr00ferrgoog_0018.png"; bbox 0 0 4566 6152; ppageno 0'>
   <div class='ocr_carea' id='block_1_1' title="bbox 223 377 1924 2252">
    <p class='ocr_par' dir='ltr' id='par_1_1' title="bbox 1714 377 1758 435">
     <span class='ocr_line' id='line_1_1' title="bbox 1714 377 1758 435; baseline -0.023 0"><span class='ocrx_word' id='word_1_1' title='bbox 1714 377 1758 435; x_wconf 79' lang='lat' dir='ltr'>ur</span> 
     </span>
    </p>

    <p class='ocr_par' dir='ltr' id='par_1_2' title="bbox 292 483 1828 768">
     <span class='ocr_line' id='line_1_2' title="bbox 292 483 1828 620; baseline -0.004 -28"><span class='ocrx_word' id='word_1_2' title='bbox 292 527 393 620; x_wconf 84' lang='lat' dir='ltr'>gat,</span> <span class='ocrx_word' id='word_1_3' title='bbox 424 528 555 592; x_wconf 84' lang='lat' dir='ltr'>omne</span> <span class='ocrx_word' id='word_1_4' title='bbox 586 497 810 617; x_wconf 86' lang='lat' dir='ltr'>&#39;punctum</span> <span class='ocrx_word' id='word_1_5' title='bbox 832 489 989 586; x_wconf 85' lang='lat' dir='ltr'>¹tulille</span> <span class='ocrx_word' id='word_1_6' title='bbox 1029 483 1295 580; x_wconf 79' lang='lat' dir='ltr'>eruditorum</span> <span class='ocrx_word' id='word_1_7' title='bbox 1335 486 1563 611; x_wconf 81' lang='lat' dir='ltr'>suffragiis</span> <span class='ocrx_word' id='word_1_8' title='bbox 1590 499 1828 588; x_wconf 86' lang='lat' dir='ltr'>censendus</span> 
     </span>
     <span class='ocr_line' id='line_1_3' title="bbox 294 632 1275 768; baseline -0.013 -27"><span class='ocrx_word' id='word_1_9' title='bbox 294 653 380 742; x_wconf 87' lang='lat' dir='ltr'>erit</span> <span class='ocrx_word' id='word_1_10' title='bbox 417 645 546 768; x_wconf 68' lang='lat'>(25).</span> <span class='ocrx_word' id='word_1_11' title='bbox 1274 632 1275 645; x_wconf 16' lang='grc' dir='ltr'><strong><em>Ν</em></strong></span> 
     </span>
    </p>

    <p class='ocr_par' dir='ltr' id='par_1_3' title="bbox 414 783 1826 914">
     <span class='ocr_line' id='line_1_4' title="bbox 414 783 1826 914; baseline -0.004 -24"><span class='ocrx_word' id='word_1_12' title='bbox 414 793 641 914; x_wconf 79' lang='lat' dir='ltr'><strong>Quidquid</strong></span> <span class='ocrx_word' id='word_1_13' title='bbox 669 815 808 880; x_wconf 84' lang='lat' dir='ltr'>autem</span> <span class='ocrx_word' id='word_1_14' title='bbox 839 783 892 878; x_wconf 86' lang='lat' dir='ltr'>lit</span> <span class='ocrx_word' id='word_1_15' title='bbox 920 783 974 876; x_wconf 85' lang='lat' dir='ltr'>dc</span> <span class='ocrx_word' id='word_1_16' title='bbox 1014 810 1263 903; x_wconf 88' lang='lat' dir='ltr'>temporum</span> <span class='ocrx_word' id='word_1_17' title='bbox 1304 783 1555 906; x_wconf 79' lang='lat' dir='ltr'>iniquitate,</span> <span class='ocrx_word' id='word_1_18' title='bbox 1594 805 1826 901; x_wconf 79' lang='lat' dir='ltr'>eorumve,</span> 
     </span>
    </p>

    <p class='ocr_par' dir='ltr' id='par_1_4' title="bbox 297 933 1831 1064">
     <span class='ocr_line' id='line_1_5' title="bbox 297 933 1831 1064; baseline -0.003 -27"><span class='ocrx_word' id='word_1_19' title='bbox 297 947 373 1064; x_wconf 90' lang='lat' dir='ltr'>qui</span> <span class='ocrx_word' id='word_1_20' title='bbox 406 946 592 1062; x_wconf 85' lang='lat' dir='ltr'>idgenus</span> <span class='ocrx_word' id='word_1_21' title='bbox 622 937 750 1044; x_wconf 84' lang='lat' dir='ltr'>studia</span> <span class='ocrx_word' id='word_1_22' title='bbox 780 933 1015 1052; x_wconf 86' lang='lat' dir='ltr'>despicatui</span> <span class='ocrx_word' id='word_1_23' title='bbox 1046 935 1259 1042; x_wconf 82' lang='lat' dir='ltr'>habeant,</span> <span class='ocrx_word' id='word_1_24' title='bbox 1288 935 1416 1025; x_wconf 88' lang='lat' dir='ltr'>alacri</span> <span class='ocrx_word' id='word_1_25' title='bbox 1438 937 1720 1032; x_wconf 84' lang='lat' dir='ltr'>nihilominus</span> <span class='ocrx_word' id='word_1_26' title='bbox 1741 942 1831 1034; x_wconf 84' lang='lat' dir='ltr'>ani·</span> 
     </span>
    </p>

    <p class='ocr_par' dir='ltr' id='par_1_5' title="bbox 223 1061 1827 1201">
     <span class='ocr_line' id='line_1_6' title="bbox 223 1061 1827 1201; baseline -0.002 -17"><span class='ocrx_word' id='word_1_27' title='bbox 223 1061 233 1076; x_wconf 53' lang='grc'><em>’</em></span> <span class='ocrx_word' id='word_1_28' title='bbox 299 1125 375 1184; x_wconf 90' lang='lat' dir='ltr'>mo</span> <span class='ocrx_word' id='word_1_29' title='bbox 408 1115 452 1182; x_wconf 92' lang='lat' dir='ltr'>et</span> <span class='ocrx_word' id='word_1_30' title='bbox 480 1117 558 1200; x_wconf 80' lang='lat' dir='ltr'>pto</span> <span class='ocrx_word' id='word_1_31' title='bbox 576 1083 705 1176; x_wconf 83' lang='lat' dir='ltr'>&#39;uirili</span> <span class='ocrx_word' id='word_1_32' title='bbox 741 1085 843 1174; x_wconf 84' lang='lat' dir='ltr'>&#39;mea</span> <span class='ocrx_word' id='word_1_33' title='bbox 872 1083 927 1175; x_wconf 86' lang='lat' dir='ltr'>ad</span> <span class='ocrx_word' id='word_1_34' title='bbox 953 1082 1077 1174; x_wconf 71' lang='lat' dir='ltr'>‘hanc</span> <span class='ocrx_word' id='word_1_35' title='bbox 1117 1081 1314 1201; x_wconf 81' lang='lat' dir='ltr'>Spartam</span> <span class='ocrx_word' id='word_1_36' title='bbox 1354 1085 1593 1176; x_wconf 85' lang='lat' dir='ltr'>ornandam</span> <span class='ocrx_word' id='word_1_37' title='bbox 1622 1087 1827 1184; x_wconf 87' lang='lat' dir='ltr'>adcederc</span> 
     </span>
    </p>

    <p class='ocr_par' dir='ltr' id='par_1_6' title="bbox 301 1231 1828 1352">
     <span class='ocr_line' id='line_1_7' title="bbox 301 1231 1828 1352; baseline -0.003 -22"><span class='ocrx_word' id='word_1_38' title='bbox 301 1269 386 1330; x_wconf 84' lang='lat' dir='ltr'>nort</span> <span class='ocrx_word' id='word_1_39' title='bbox 419 1235 633 1326; x_wconf 87' lang='lat' dir='ltr'>dubitavi.</span> <span class='ocrx_word' id='word_1_40' title='bbox 665 1231 899 1326; x_wconf 85' lang='lat' dir='ltr'>Movemur</span> <span class='ocrx_word' id='word_1_41' title='bbox 929 1233 1071 1341; x_wconf 91' lang='lat' dir='ltr'>enim,</span> <span class='ocrx_word' id='word_1_42' title='bbox 1101 1233 1250 1324; x_wconf 87' lang='lat' dir='ltr'>nescio</span> <span class='ocrx_word' id='word_1_43' title='bbox 1278 1261 1367 1351; x_wconf 92' lang='lat' dir='ltr'>quo</span> <span class='ocrx_word' id='word_1_44' title='bbox 1388 1258 1538 1350; x_wconf 88' lang='lat' dir='ltr'>pacto,</span> <span class='ocrx_word' id='word_1_45' title='bbox 1558 1231 1828 1352; x_wconf 86' lang='lat' dir='ltr'>inclytorum</span> 
     </span>
    </p>

    <p class='ocr_par' dir='ltr' id='par_1_7' title="bbox 297 1382 1824 1502">
     <span class='ocr_line' id='line_1_8' title="bbox 297 1382 1824 1502; baseline 0.001 -28"><span class='ocrx_word' id='word_1_46' title='bbox 297 1387 549 1491; x_wconf 87' lang='lat' dir='ltr'>hominurn,</span> <span class='ocrx_word' id='word_1_47' title='bbox 579 1383 653 1502; x_wconf 93' lang='lat' dir='ltr'>qui</span> <span class='ocrx_word' id='word_1_48' title='bbox 684 1383 809 1474; x_wconf 86' lang='lat' dir='ltr'>nobis</span> <span class='ocrx_word' id='word_1_49' title='bbox 838 1382 1137 1501; x_wconf 86' lang='lat' dir='ltr'>praeiverunt,</span> <span class='ocrx_word' id='word_1_50' title='bbox 1166 1383 1401 1501; x_wconf 86' lang='lat' dir='ltr'>exemplis,</span> <span class='ocrx_word' id='word_1_51' title='bbox 1439 1384 1576 1502; x_wconf 88' lang='lat' dir='ltr'>iisque</span> <span class='ocrx_word' id='word_1_52' title='bbox 1614 1383 1745 1492; x_wconf 87' lang='lat' dir='ltr'>locis,</span> <span class='ocrx_word' id='word_1_53' title='bbox 1776 1385 1824 1475; x_wconf 94' lang='lat' dir='ltr'>in</span> 
     </span>
    </p>

    <p class='ocr_par' dir='ltr' id='par_1_8' title="bbox 295 1529 1924 1652">
     <span class='ocr_line' id='line_1_9' title="bbox 295 1529 1924 1652; baseline -0.002 -31"><span class='ocrx_word' id='word_1_54' title='bbox 295 1533 449 1650; x_wconf 85' lang='lat' dir='ltr'>quibus</span> <span class='ocrx_word' id='word_1_55' title='bbox 479 1563 656 1642; x_wconf 88' lang='lat' dir='ltr'>eorum,</span> <span class='ocrx_word' id='word_1_56' title='bbox 683 1564 794 1652; x_wconf 85' lang='lat' dir='ltr'>quos</span> <span class='ocrx_word' id='word_1_57' title='bbox 823 1531 1108 1637; x_wconf 72' lang='lat' dir='ltr'>admiramur,</span> <span class='ocrx_word' id='word_1_58' title='bbox 1139 1533 1293 1624; x_wconf 83' lang='lat' dir='ltr'>adsunt</span> <span class='ocrx_word' id='word_1_59' title='bbox 1323 1529 1496 1651; x_wconf 85' lang='lat' dir='ltr'>vestigia</span> <span class='ocrx_word' id='word_1_60' title='bbox 1524 1531 1644 1651; x_wconf 58' lang='grc' dir='ltr'>(πό).</span> <span class='ocrx_word' id='word_1_61' title='bbox 1676 1535 1826 1647; x_wconf 84' lang='lat' dir='ltr'>Quum</span> <span class='ocrx_word' id='word_1_62' title='bbox 1920 1612 1924 1618; x_wconf 88' lang='lat'>.</span> 
     </span>
    </p>

    <p class='ocr_par' dir='ltr' id='par_1_9' title="bbox 296 1677 1831 1800">
     <span class='ocr_line' id='line_1_10' title="bbox 296 1677 1831 1800; baseline 0.001 -30"><span class='ocrx_word' id='word_1_63' title='bbox 296 1680 431 1798; x_wconf 84' lang='lat' dir='ltr'>igitur</span> <span class='ocrx_word' id='word_1_64' title='bbox 459 1683 624 1775; x_wconf 84' lang='lat' dir='ltr'>Patriae</span> <span class='ocrx_word' id='word_1_65' title='bbox 655 1713 775 1775; x_wconf 90' lang='lat' dir='ltr'>meae</span> <span class='ocrx_word' id='word_1_66' title='bbox 803 1712 887 1778; x_wconf 88' lang='lat' dir='ltr'>nec</span> <span class='ocrx_word' id='word_1_67' title='bbox 923 1681 1136 1800; x_wconf 86' lang='lat' dir='ltr'>praeclara</span> <span class='ocrx_word' id='word_1_68' title='bbox 1176 1677 1312 1774; x_wconf 86' lang='lat' dir='ltr'>defint</span> <span class='ocrx_word' id='word_1_69' title='bbox 1351 1679 1632 1774; x_wconf 83' lang='lat' dir='ltr'>Geometriae</span> <span class='ocrx_word' id='word_1_70' title='bbox 1672 1709 1831 1776; x_wconf 82' lang='lat' dir='ltr'>monu-</span> 
     </span>
    </p>

    <p class='ocr_par' dir='ltr' id='par_1_10' title="bbox 298 1825 1828 1948">
     <span class='ocr_line' id='line_1_11' title="bbox 298 1825 1828 1948; baseline 0.001 -28"><span class='ocrx_word' id='word_1_71' title='bbox 298 1853 448 1923; x_wconf 84' lang='lat' dir='ltr'>menta</span> <span class='ocrx_word' id='word_1_72' title='bbox 476 1831 525 1922; x_wconf 92' lang='lat' dir='ltr'>in</span> <span class='ocrx_word' id='word_1_73' title='bbox 555 1859 776 1926; x_wconf 87' lang='lat' dir='ltr'>aeternum</span> <span class='ocrx_word' id='word_1_74' title='bbox 816 1831 1043 1940; x_wconf 77' lang='lat' dir='ltr'>duratura,</span> <span class='ocrx_word' id='word_1_75' title='bbox 1081 1858 1162 1922; x_wconf 94' lang='lat' dir='ltr'>nec</span> <span class='ocrx_word' id='word_1_76' title='bbox 1200 1830 1274 1948; x_wconf 90' lang='lat' dir='ltr'>qui</span> <span class='ocrx_word' id='word_1_77' title='bbox 1316 1857 1340 1918; x_wconf 90' lang='lat' dir='ltr'>a</span> <span class='ocrx_word' id='word_1_78' title='bbox 1381 1825 1516 1916; x_wconf 83' lang='lat' dir='ltr'>Mufis</span> <span class='ocrx_word' id='word_1_79' title='bbox 1545 1829 1828 1948; x_wconf 85' lang='lat' dir='ltr'>severioribus</span> 
     </span>
    </p>

    <p class='ocr_par' dir='ltr' id='par_1_11' title="bbox 267 1973 1828 2099">
     <span class='ocr_line' id='line_1_12' title="bbox 267 1973 1828 2099; baseline -0.002 -28"><span class='ocrx_word' id='word_1_80' title='bbox 267 1981 372 2071; x_wconf 86' lang='lat' dir='ltr'>&#39;alti</span> <span class='ocrx_word' id='word_1_81' title='bbox 404 1983 590 2099; x_wconf 88' lang='lat' dir='ltr'>laetique</span> <span class='ocrx_word' id='word_1_82' title='bbox 620 1981 818 2072; x_wconf 90' lang='lat' dir='ltr'>sublimia</span> <span class='ocrx_word' id='word_1_83' title='bbox 848 2006 1023 2098; x_wconf 89' lang='lat' dir='ltr'>petant,</span> <span class='ocrx_word' id='word_1_84' title='bbox 1050 1979 1180 2099; x_wconf 86' lang='lat' dir='ltr'>idque</span> <span class='ocrx_word' id='word_1_85' title='bbox 1209 1981 1255 2069; x_wconf 94' lang='lat' dir='ltr'>in</span> <span class='ocrx_word' id='word_1_86' title='bbox 1283 1975 1450 2070; x_wconf 83' lang='lat' dir='ltr'>deliciis</span> <span class='ocrx_word' id='word_1_87' title='bbox 1481 1977 1684 2084; x_wconf 84' lang='lat' dir='ltr'>habeant,</span> <span class='ocrx_word' id='word_1_88' title='bbox 1710 1973 1828 2096; x_wconf 88' lang='lat' dir='ltr'>quod</span> 
     </span>
    </p>

    <p class='ocr_par' dir='ltr' id='par_1_12' title="bbox 294 2127 1825 2252">
     <span class='ocr_line' id='line_1_13' title="bbox 294 2127 1825 2252; baseline -0.001 -34"><span class='ocrx_word' id='word_1_89' title='bbox 294 2129 365 2219; x_wconf 86' lang='lat' dir='ltr'>alii</span> <span class='ocrx_word' id='word_1_90' title='bbox 397 2127 617 2222; x_wconf 86' lang='lat' dir='ltr'>stultitiam</span> <span class='ocrx_word' id='word_1_91' title='bbox 647 2161 897 2252; x_wconf 84' lang='lat' dir='ltr'>nuncupare</span> <span class='ocrx_word' id='word_1_92' title='bbox 927 2132 1086 2222; x_wconf 89' lang='lat' dir='ltr'>audent</span> <span class='ocrx_word' id='word_1_93' title='bbox 1116 2127 1236 2244; x_wconf 70' lang='lat' dir='ltr'>(ap),</span> <span class='ocrx_word' id='word_1_94' title='bbox 1266 2153 1416 2218; x_wconf 90' lang='lat' dir='ltr'>natum</span> <span class='ocrx_word' id='word_1_95' title='bbox 1440 2127 1686 2235; x_wconf 82' lang='lat' dir='ltr'>exinde,ut</span> <span class='ocrx_word' id='word_1_96' title='bbox 1706 2127 1825 2242; x_wconf 88' lang='lat' dir='ltr'>quod</span> 
     </span>
    </p>
   </div>
   <div class='ocr_carea' id='block_1_2' title="bbox 294 2271 1829 2683">
    <p class='ocr_par' dir='ltr' id='par_1_13' title="bbox 294 2271 1829 2683">
     <span class='ocr_line' id='line_1_14' title="bbox 294 2271 1828 2403; baseline -0.001 -37"><span class='ocrx_word' id='word_1_97' title='bbox 294 2278 340 2368; x_wconf 91' lang='lat' dir='ltr'>in</span> <span class='ocrx_word' id='word_1_98' title='bbox 373 2279 647 2403; x_wconf 76' lang='lat' dir='ltr'>Adversariis</span> <span class='ocrx_word' id='word_1_99' title='bbox 677 2282 785 2372; x_wconf 86' lang='lat' dir='ltr'>meis</span> <span class='ocrx_word' id='word_1_100' title='bbox 813 2281 937 2372; x_wconf 88' lang='lat' dir='ltr'>brevi</span> <span class='ocrx_word' id='word_1_101' title='bbox 970 2307 1098 2370; x_wconf 88' lang='lat' dir='ltr'>manu</span> <span class='ocrx_word' id='word_1_102' title='bbox 1130 2304 1257 2396; x_wconf 86' lang='lat' dir='ltr'>atque</span> <span class='ocrx_word' id='word_1_103' title='bbox 1289 2275 1407 2368; x_wconf 83' lang='lat' dir='ltr'>iuxta</span> <span class='ocrx_word' id='word_1_104' title='bbox 1439 2305 1606 2368; x_wconf 85' lang='lat' dir='ltr'>morem</span> <span class='ocrx_word' id='word_1_105' title='bbox 1630 2271 1828 2368; x_wconf 84' lang='lat' dir='ltr'>festinan·</span> 
     </span>
     <span class='ocr_line' id='line_1_15' title="bbox 298 2400 1826 2536; baseline -0.001 -28"><span class='ocrx_word' id='word_1_106' title='bbox 298 2449 364 2509; x_wconf 90' lang='lat' dir='ltr'>ter</span> <span class='ocrx_word' id='word_1_107' title='bbox 394 2425 660 2536; x_wconf 86' lang='lat' dir='ltr'>descriptum</span> <span class='ocrx_word' id='word_1_108' title='bbox 688 2423 854 2525; x_wconf 85' lang='lat' dir='ltr'>fuerat,</span> <span class='ocrx_word' id='word_1_109' title='bbox 880 2451 1040 2534; x_wconf 87' lang='lat' dir='ltr'>quanta</span> <span class='ocrx_word' id='word_1_110' title='bbox 1059 2400 1182 2535; x_wconf 76' lang='lat' dir='ltr'>potiri</span> <span class='ocrx_word' id='word_1_111' title='bbox 1205 2420 1428 2532; x_wconf 80' lang='lat' dir='ltr'>diligentia</span> <span class='ocrx_word' id='word_1_112' title='bbox 1447 2425 1826 2526; x_wconf 86' lang='lat' dir='ltr'>concinnavetim,</span> 
     </span>
     <span class='ocr_line' id='line_1_16' title="bbox 296 2561 1829 2683; baseline 0.001 -29"><span class='ocrx_word' id='word_1_113' title='bbox 296 2589 342 2654; x_wconf 85' lang='lat' dir='ltr'>et</span> <span class='ocrx_word' id='word_1_114' title='bbox 362 2564 585 2652; x_wconf 81' lang='lat' dir='ltr'>advocatis</span> <span class='ocrx_word' id='word_1_115' title='bbox 613 2565 807 2673; x_wconf 85' lang='lat' dir='ltr'>undique</span> <span class='ocrx_word' id='word_1_116' title='bbox 832 2562 1028 2646; x_wconf 74' lang='lat' dir='ltr'>subdolis</span> <span class='ocrx_word' id='word_1_117' title='bbox 1056 2561 1368 2671; x_wconf 76' lang='lat' dir='ltr'>suppleverint,</span> <span class='ocrx_word' id='word_1_118' title='bbox 1388 2565 1475 2673; x_wconf 86' lang='lat' dir='ltr'>quo</span> <span class='ocrx_word' id='word_1_119' title='bbox 1494 2561 1610 2654; x_wconf 86' lang='lat' dir='ltr'>facto</span> <span class='ocrx_word' id='word_1_120' title='bbox 1631 2567 1688 2654; x_wconf 88' lang='lat' dir='ltr'>ita</span> <span class='ocrx_word' id='word_1_121' title='bbox 1711 2595 1829 2683; x_wconf 85' lang='lat' dir='ltr'>prae·</span> 
     </span>
    </p>
   </div>
   <div class='ocr_carea' id='block_1_3' title="bbox 172 2700 1946 4759">
    <p class='ocr_par' dir='ltr' id='par_1_14' title="bbox 172 2700 1833 4162">
     <span class='ocr_line' id='line_1_17' title="bbox 295 2700 1833 2820; baseline -0.001 -18"><span class='ocrx_word' id='word_1_122' title='bbox 295 2737 361 2802; x_wconf 89' lang='lat' dir='ltr'>tet</span> <span class='ocrx_word' id='word_1_123' title='bbox 401 2706 533 2798; x_wconf 89' lang='lat' dir='ltr'>animi</span> <span class='ocrx_word' id='word_1_124' title='bbox 574 2700 902 2796; x_wconf 83' lang='lat' dir='ltr'>destinationem</span> <span class='ocrx_word' id='word_1_125' title='bbox 946 2703 993 2794; x_wconf 90' lang='lat' dir='ltr'>in</span> <span class='ocrx_word' id='word_1_126' title='bbox 1035 2702 1290 2820; x_wconf 88' lang='lat' dir='ltr'>ampliorem</span> <span class='ocrx_word' id='word_1_127' title='bbox 1333 2704 1495 2796; x_wconf 89' lang='lat' dir='ltr'>molem</span> <span class='ocrx_word' id='word_1_128' title='bbox 1527 2708 1751 2817; x_wconf 89' lang='lat' dir='ltr'>excrevit,</span> <span class='ocrx_word' id='word_1_129' title='bbox 1781 2735 1833 2801; x_wconf 88' lang='lat' dir='ltr'>ut</span> 
     </span>
     <span class='ocr_line' id='line_1_18' title="bbox 295 2847 1829 2972; baseline 0.001 -20"><span class='ocrx_word' id='word_1_130' title='bbox 295 2859 375 2952; x_wconf 89' lang='lat' dir='ltr'>alia</span> <span class='ocrx_word' id='word_1_131' title='bbox 406 2855 513 2946; x_wconf 88' lang='lat' dir='ltr'>varii</span> <span class='ocrx_word' id='word_1_132' title='bbox 544 2853 811 2972; x_wconf 81' lang='lat' dir='ltr'>argumenti,</span> <span class='ocrx_word' id='word_1_133' title='bbox 840 2881 948 2970; x_wconf 84' lang='lat' dir='ltr'>quae</span> <span class='ocrx_word' id='word_1_134' title='bbox 980 2847 1102 2942; x_wconf 80' lang='lat' dir='ltr'>fimul</span> <span class='ocrx_word' id='word_1_135' title='bbox 1125 2852 1334 2944; x_wconf 88' lang='lat' dir='ltr'>inlucem</span> <span class='ocrx_word' id='word_1_136' title='bbox 1353 2852 1550 2948; x_wconf 86' lang='lat' dir='ltr'>emittere</span> <span class='ocrx_word' id='word_1_137' title='bbox 1573 2855 1829 2958; x_wconf 79' lang='lat' dir='ltr'>meditabar,</span> 
     </span>
     <span class='ocr_line' id='line_1_19' title="bbox 295 2997 1829 3119; baseline 0.003 -21"><span class='ocrx_word' id='word_1_138' title='bbox 295 2997 338 3098; x_wconf 82' lang='lat' dir='ltr'>iu</span> <span class='ocrx_word' id='word_1_139' title='bbox 359 3005 475 3098; x_wconf 89' lang='lat' dir='ltr'>aliud</span> <span class='ocrx_word' id='word_1_140' title='bbox 501 3027 672 3119; x_wconf 84' lang='lat' dir='ltr'>tempus</span> <span class='ocrx_word' id='word_1_141' title='bbox 699 2997 943 3092; x_wconf 85' lang='lat' dir='ltr'>differrem.</span> <span class='ocrx_word' id='word_1_142' title='bbox 964 2999 1022 3092; x_wconf 86' lang='lat' dir='ltr'>Et</span> <span class='ocrx_word' id='word_1_143' title='bbox 1045 3027 1144 3092; x_wconf 89' lang='lat' dir='ltr'>sane</span> <span class='ocrx_word' id='word_1_144' title='bbox 1174 2998 1426 3118; x_wconf 79' lang='lat' dir='ltr'>praesidium</span> <span class='ocrx_word' id='word_1_145' title='bbox 1458 3002 1566 3094; x_wconf 86' lang='lat' dir='ltr'>milri</span> <span class='ocrx_word' id='word_1_146' title='bbox 1590 3008 1829 3102; x_wconf 78' lang='lat' dir='ltr'>maximum</span> 
     </span>
     <span class='ocr_line' id='line_1_20' title="bbox 297 3147 1830 3266; baseline 0.004 -21.961"><span class='ocrx_word' id='word_1_147' title='bbox 297 3155 544 3244; x_wconf 83' lang='lat' dir='ltr'>adtulerunt</span> <span class='ocrx_word' id='word_1_148' title='bbox 575 3151 907 3242; x_wconf 89' lang='lat' dir='ltr'>Academiarum</span> <span class='ocrx_word' id='word_1_149' title='bbox 940 3179 1015 3266; x_wconf 90' lang='lat' dir='ltr'>per</span> <span class='ocrx_word' id='word_1_150' title='bbox 1037 3148 1252 3266; x_wconf 81' lang='lat' dir='ltr'>Europam</span> <span class='ocrx_word' id='word_1_151' title='bbox 1285 3147 1566 3244; x_wconf 85' lang='lat' dir='ltr'>celebriorum</span> <span class='ocrx_word' id='word_1_152' title='bbox 1590 3152 1830 3252; x_wconf 86' lang='lat' dir='ltr'>Collectio·</span> 
     </span>
     <span class='ocr_line' id='line_1_21' title="bbox 297 3291 1829 3419; baseline 0.002 -27"><span class='ocrx_word' id='word_1_153' title='bbox 297 3291 371 3392; x_wconf 77' lang='lat' dir='ltr'>ne&#39;s</span> <span class='ocrx_word' id='word_1_154' title='bbox 393 3300 684 3416; x_wconf 82' lang='lat' dir='ltr'>nuperrimae,</span> <span class='ocrx_word' id='word_1_155' title='bbox 702 3301 867 3418; x_wconf 85' lang='lat' dir='ltr'>aliaque</span> <span class='ocrx_word' id='word_1_156' title='bbox 889 3297 1257 3392; x_wconf 79' lang='lat' dir='ltr'>remotilirmarunt</span> <span class='ocrx_word' id='word_1_157' title='bbox 1282 3299 1479 3419; x_wconf 84' lang='lat' dir='ltr'>gentium</span> <span class='ocrx_word' id='word_1_158' title='bbox 1499 3302 1737 3396; x_wconf 89' lang='lat' dir='ltr'>Volumina</span> <span class='ocrx_word' id='word_1_159' title='bbox 1760 3305 1829 3396; x_wconf 88' lang='lat' dir='ltr'>vel</span> 
     </span>
     <span class='ocr_line' id='line_1_22' title="bbox 296 3448 1829 3576; baseline 0 -35"><span class='ocrx_word' id='word_1_160' title='bbox 296 3449 348 3541; x_wconf 87' lang='lat' dir='ltr'>ad</span> <span class='ocrx_word' id='word_1_161' title='bbox 380 3451 598 3540; x_wconf 87' lang='lat' dir='ltr'>raritatem</span> <span class='ocrx_word' id='word_1_162' title='bbox 629 3448 821 3555; x_wconf 87' lang='lat' dir='ltr'>redacta,</span> <span class='ocrx_word' id='word_1_163' title='bbox 852 3451 922 3539; x_wconf 87' lang='lat' dir='ltr'>vel</span> <span class='ocrx_word' id='word_1_164' title='bbox 965 3449 1130 3566; x_wconf 82' lang='lat' dir='ltr'>ingenti</span> <span class='ocrx_word' id='word_1_165' title='bbox 1173 3473 1392 3538; x_wconf 87' lang='lat' dir='ltr'>numerata</span> <span class='ocrx_word' id='word_1_166' title='bbox 1436 3449 1615 3567; x_wconf 89' lang='lat' dir='ltr'>pecunia</span> <span class='ocrx_word' id='word_1_167' title='bbox 1657 3481 1829 3576; x_wconf 86' lang='lat' dir='ltr'>compa·</span> 
     </span>
     <span class='ocr_line' id='line_1_23' title="bbox 172 3571 1831 3716; baseline 0 -28"><span class='ocrx_word' id='word_1_168' title='bbox 172 3633 179 3644; x_wconf 94' lang='lat'><strong>·</strong></span> <span class='ocrx_word' id='word_1_169' title='bbox 298 3597 569 3710; x_wconf 76' lang='lat' dir='ltr'>tanda(28),</span> <span class='ocrx_word' id='word_1_170' title='bbox 597 3597 750 3712; x_wconf 85' lang='lat' dir='ltr'>quibus</span> <span class='ocrx_word' id='word_1_171' title='bbox 780 3593 864 3688; x_wconf 83' lang='lat' dir='ltr'>frui</span> <span class='ocrx_word' id='word_1_172' title='bbox 897 3597 1010 3690; x_wconf 87' lang='lat' dir='ltr'>inter</span> <span class='ocrx_word' id='word_1_173' title='bbox 1040 3593 1298 3686; x_wconf 86' lang='lat' dir='ltr'>domesticos</span> <span class='ocrx_word' id='word_1_174' title='bbox 1328 3598 1432 3688; x_wconf 87' lang='lat' dir='ltr'>lares</span> <span class='ocrx_word' id='word_1_175' title='bbox 1475 3596 1670 3714; x_wconf 78' lang='lat' dir='ltr'>singulari</span> <span class='ocrx_word' id='word_1_176' title='bbox 1713 3571 1831 3716; x_wconf 54' lang='lat' dir='ltr'>cquiss</span> 
     </span>
     <span class='ocr_line' id='line_1_24' title="bbox 298 3741 1832 3861; baseline 0.001 -25"><span class='ocrx_word' id='word_1_177' title='bbox 298 3747 399 3836; x_wconf 88' lang='lat' dir='ltr'>dem</span> <span class='ocrx_word' id='word_1_178' title='bbox 431 3742 646 3834; x_wconf 88' lang='lat' dir='ltr'>beneficio</span> <span class='ocrx_word' id='word_1_179' title='bbox 677 3743 962 3861; x_wconf 81' lang='lat' dir='ltr'>Augustillrmi</span> <span class='ocrx_word' id='word_1_180' title='bbox 996 3743 1193 3838; x_wconf 85' lang='lat' dir='ltr'>Caesaris</span> <span class='ocrx_word' id='word_1_181' title='bbox 1219 3744 1523 3838; x_wconf 84' lang='lat' dir='ltr'>LEOPOLDI</span> <span class='ocrx_word' id='word_1_182' title='bbox 1555 3741 1638 3838; x_wconf 66' lang='lat' dir='ltr'>llll.</span> <span class='ocrx_word' id='word_1_183' title='bbox 1658 3775 1832 3842; x_wconf 88' lang='lat' dir='ltr'>conces·</span> 
     </span>
     <span class='ocr_line' id='line_1_25' title="bbox 299 3887 1831 4006; baseline 0.003 -22"><span class='ocrx_word' id='word_1_184' title='bbox 299 3891 533 3984; x_wconf 80' lang='lat' dir='ltr'>tummihi</span> <span class='ocrx_word' id='word_1_185' title='bbox 565 3887 647 3982; x_wconf 86' lang='lat' dir='ltr'>fuit</span> <span class='ocrx_word' id='word_1_186' title='bbox 679 3890 945 3984; x_wconf 87' lang='lat' dir='ltr'>libentiffirue</span> <span class='ocrx_word' id='word_1_187' title='bbox 974 3923 1029 3986; x_wconf 83' lang='lat' dir='ltr'>cx</span> <span class='ocrx_word' id='word_1_188' title='bbox 1059 3896 1326 3990; x_wconf 83' lang='lat' dir='ltr'>Bibliotheca</span> <span class='ocrx_word' id='word_1_189' title='bbox 1345 3897 1451 3986; x_wconf 90' lang='lat' dir='ltr'>olim</span> <span class='ocrx_word' id='word_1_190' title='bbox 1476 3897 1694 4006; x_wconf 84' lang='lat' dir='ltr'>Palatina,</span> <span class='ocrx_word' id='word_1_191' title='bbox 1715 3925 1831 3988; x_wconf 91' lang='lat' dir='ltr'>nunc</span> 
     </span>
     <span class='ocr_line' id='line_1_26' title="bbox 299 4039 1520 4162; baseline -0.001 -28"><span class='ocrx_word' id='word_1_192' title='bbox 299 4040 499 4162; x_wconf 83' lang='lat' dir='ltr'>Phystces</span> <span class='ocrx_word' id='word_1_193' title='bbox 530 4065 575 4131; x_wconf 92' lang='lat' dir='ltr'>et</span> <span class='ocrx_word' id='word_1_194' title='bbox 606 4039 811 4131; x_wconf 86' lang='lat' dir='ltr'>naturalis</span> <span class='ocrx_word' id='word_1_195' title='bbox 838 4041 1053 4138; x_wconf 83' lang='lat' dir='ltr'>Historiae</span> <span class='ocrx_word' id='word_1_196' title='bbox 1083 4043 1224 4136; x_wconf 88' lang='lat' dir='ltr'>Musei</span> <span class='ocrx_word' id='word_1_197' title='bbox 1255 4043 1520 4137; x_wconf 86' lang='lat' dir='ltr'>Florentini.</span> 
     </span>
    </p>

    <p class='ocr_par' dir='ltr' id='par_1_15' title="bbox 242 4187 1946 4759">
     <span class='ocr_line' id='line_1_27' title="bbox 416 4187 1830 4310; baseline 0.003 -32"><span class='ocrx_word' id='word_1_198' title='bbox 416 4189 552 4280; x_wconf 84' lang='lat' dir='ltr'>Levia</span> <span class='ocrx_word' id='word_1_199' title='bbox 592 4187 698 4280; x_wconf 88' lang='lat' dir='ltr'>haec</span> <span class='ocrx_word' id='word_1_200' title='bbox 740 4187 908 4293; x_wconf 86' lang='lat' dir='ltr'>forsan,</span> <span class='ocrx_word' id='word_1_201' title='bbox 941 4218 991 4282; x_wconf 83' lang='lat' dir='ltr'>ct</span> <span class='ocrx_word' id='word_1_202' title='bbox 1031 4195 1274 4309; x_wconf 88' lang='lat' dir='ltr'>aliquorum</span> <span class='ocrx_word' id='word_1_203' title='bbox 1315 4193 1457 4307; x_wconf 85' lang='lat' dir='ltr'>palato</span> <span class='ocrx_word' id='word_1_204' title='bbox 1499 4190 1642 4282; x_wconf 87' lang='lat' dir='ltr'>minus</span> <span class='ocrx_word' id='word_1_205' title='bbox 1680 4215 1830 4310; x_wconf 85' lang='lat' dir='ltr'>grata,</span> 
     </span>
     <span class='ocr_line' id='line_1_28' title="bbox 302 4335 1946 4465; baseline 0.002 -35"><span class='ocrx_word' id='word_1_206' title='bbox 302 4367 408 4458; x_wconf 84' lang='lat' dir='ltr'>quae</span> <span class='ocrx_word' id='word_1_207' title='bbox 441 4339 486 4428; x_wconf 93' lang='lat' dir='ltr'>in</span> <span class='ocrx_word' id='word_1_208' title='bbox 519 4367 712 4457; x_wconf 86' lang='lat' dir='ltr'>praesens</span> <span class='ocrx_word' id='word_1_209' title='bbox 741 4337 903 4457; x_wconf 86' lang='lat' dir='ltr'>publici</span> <span class='ocrx_word' id='word_1_210' title='bbox 934 4338 1038 4430; x_wconf 89' lang='lat' dir='ltr'>iuris</span> <span class='ocrx_word' id='word_1_211' title='bbox 1068 4336 1261 4440; x_wconf 81' lang='lat' dir='ltr'>facienda</span> <span class='ocrx_word' id='word_1_212' title='bbox 1291 4339 1463 4431; x_wconf 84' lang='lat' dir='ltr'>curavi.</span> <span class='ocrx_word' id='word_1_213' title='bbox 1481 4335 1564 4431; x_wconf 83' lang='lat' dir='ltr'>Sed</span> <span class='ocrx_word' id='word_1_214' title='bbox 1584 4341 1728 4430; x_wconf 86' lang='lat' dir='ltr'>nonis</span> <span class='ocrx_word' id='word_1_215' title='bbox 1746 4369 1831 4458; x_wconf 87' lang='lat' dir='ltr'>ego</span> <span class='ocrx_word' id='word_1_216' title='bbox 1942 4457 1946 4465; x_wconf 21' lang='grc' dir='ltr'>ι</span> 
     </span>
     <span class='ocr_line' id='line_1_29' title="bbox 301 4480 1832 4608; baseline 0.005 -33"><span class='ocrx_word' id='word_1_217' title='bbox 301 4481 424 4592; x_wconf 85' lang='lat' dir='ltr'>sum,</span> <span class='ocrx_word' id='word_1_218' title='bbox 452 4489 526 4606; x_wconf 86' lang='lat' dir='ltr'>qui</span> <span class='ocrx_word' id='word_1_219' title='bbox 555 4487 689 4578; x_wconf 87' lang='lat' dir='ltr'>cedro</span> <span class='ocrx_word' id='word_1_220' title='bbox 718 4487 849 4607; x_wconf 85' lang='lat' dir='ltr'>digna</span> <span class='ocrx_word' id='word_1_221' title='bbox 876 4516 1073 4608; x_wconf 89' lang='lat' dir='ltr'>promere</span> <span class='ocrx_word' id='word_1_222' title='bbox 1102 4487 1263 4596; x_wconf 86' lang='lat' dir='ltr'>valeat,</span> <span class='ocrx_word' id='word_1_223' title='bbox 1294 4480 1423 4608; x_wconf 85' lang='lat' dir='ltr'>seque</span> <span class='ocrx_word' id='word_1_224' title='bbox 1452 4514 1499 4582; x_wconf 92' lang='lat' dir='ltr'>et</span> <span class='ocrx_word' id='word_1_225' title='bbox 1527 4517 1601 4580; x_wconf 89' lang='lat' dir='ltr'>sua</span> <span class='ocrx_word' id='word_1_226' title='bbox 1630 4491 1721 4582; x_wconf 88' lang='lat' dir='ltr'>sola</span> <span class='ocrx_word' id='word_1_227' title='bbox 1751 4490 1832 4581; x_wconf 92' lang='lat' dir='ltr'>mi·</span> 
     </span>
     <span class='ocr_line' id='line_1_30' title="bbox 242 4633 1831 4759; baseline 0.002 -36"><span class='ocrx_word' id='word_1_228' title='bbox 242 4669 245 4676; x_wconf 18' lang='grc' dir='ltr'><strong>Δ</strong></span> <span class='ocrx_word' id='word_1_229' title='bbox 300 4655 419 4726; x_wconf 89' lang='lat' dir='ltr'>retur</span> <span class='ocrx_word' id='word_1_230' title='bbox 447 4633 568 4754; x_wconf 72' lang='lat' dir='ltr'>(a9ls</span> <span class='ocrx_word' id='word_1_231' title='bbox 598 4665 849 4759; x_wconf 81' lang='lat' dir='ltr'>semperque</span> <span class='ocrx_word' id='word_1_232' title='bbox 878 4633 1057 4734; x_wconf 87' lang='lat' dir='ltr'>abstinui</span> <span class='ocrx_word' id='word_1_233' title='bbox 1088 4637 1199 4757; x_wconf 85' lang='lat' dir='ltr'>(nec</span> <span class='ocrx_word' id='word_1_234' title='bbox 1228 4635 1507 4751; x_wconf 88' lang='lat' dir='ltr'>inconsulto)</span> <span class='ocrx_word' id='word_1_235' title='bbox 1537 4667 1562 4730; x_wconf 91' lang='lat' dir='ltr'>a</span> <span class='ocrx_word' id='word_1_236' title='bbox 1593 4636 1831 4731; x_wconf 88' lang='lat' dir='ltr'>Mathema-</span> 
     </span>
    </p>
   </div>
   <div class='ocr_carea' id='block_1_4' title="bbox 299 4777 1832 5027">
    <p class='ocr_par' dir='ltr' id='par_1_16' title="bbox 299 4777 1832 5027">
     <span class='ocr_line' id='line_1_31' title="bbox 299 4777 1832 5020; baseline -0.001 -145"><span class='ocrx_word' id='word_1_237' title='bbox 299 4803 398 4880; x_wconf 84' lang='lat' dir='ltr'>tutu</span> <span class='ocrx_word' id='word_1_238' title='bbox 438 4784 635 4882; x_wconf 80' lang='lat' dir='ltr'>laudibus</span> <span class='ocrx_word' id='word_1_239' title='bbox 674 4787 907 4912; x_wconf 84' lang='lat' dir='ltr'>impenfius</span> <span class='ocrx_word' id='word_1_240' title='bbox 945 4791 1182 4906; x_wconf 84' lang='lat' dir='ltr'>colendis,</span> <span class='ocrx_word' id='word_1_241' title='bbox 1202 4777 1552 4912; x_wconf 81' lang='lat' dir='ltr'>quandoquidem</span> <span class='ocrx_word' id='word_1_242' title='bbox 1592 4813 1682 4949; x_wconf 80' lang='lat' dir='ltr'>uno</span> <span class='ocrx_word' id='word_1_243' title='bbox 1715 4809 1832 5020; x_wconf 87' lang='lat' dir='ltr'>¹pene</span> 
     </span>
     <span class='ocr_line' id='line_1_32' title="bbox 1546 4956 1761 5027; baseline -0.009 -2"><span class='ocrx_word' id='word_1_244' title='bbox 1546 4956 1713 5027; x_wconf 79' lang='lat' dir='ltr'>veruca</span> <span class='ocrx_word' id='word_1_245' title='bbox 1732 4957 1761 5023; x_wconf 95' lang='lat' dir='ltr'>o</span> 
     </span>
    </p>
   </div>
   <div class='ocr_carea' id='block_1_5' title="bbox 0 0 2293 6148">
    <p class='ocr_par' dir='ltr' id='par_1_17' title="bbox 0 0 2293 6148">
     <span class='ocr_line' id='line_1_33' title="bbox 0 0 2293 6148; baseline 0 0"><span class='ocrx_word' id='word_1_246' title='bbox 0 0 2293 6148; x_wconf 95' lang='lat' dir='ltr'> </span> 
     </span>
    </p>
   </div>
  </div>
 </body>
</html>
