4506 6136
1649 391 1729 484 177

248 521 449 624 eupandan
472 519 678 622 putavetim
703 521 994 616 eradrantnriom
1013 527 1182 614 polarem,
1208 514 1311 590 valde
1337 511 1512 592 diversam
1536 540 1556 590 a
1582 519 1788 612 Quadrasri·

248 677 285 730 ce
314 656 465 748 Spirals'.
490 643 802 742 Quemadmodum
828 652 922 723 eninr
948 651 1162 744 proprietas,
1188 669 1250 720 aut
1285 647 1467 740 Aequatio
1491 647 1681 740 simplicior
1706 647 1786 733 Hy·

247 783 417 878 perbolae
451 779 621 858 conisae,
646 801 685 852 ac
724 778 1011 874 Logarithmicae
1037 777 1083 882 ab
1108 775 1287 850 Ordinatis
1313 775 1545 865 Asymptotte
1570 773 1787 845 normalibus

244 912 293 983 ad
319 908 450 980 Radius
484 907 652 980 translata
685 889 929 998 Hyperbolum
962 906 1311 998 Logaritltmicarnve
1346 903 1506 991 spiralem
1542 903 1690 996 genuit,
1715 922 1785 971 non

245 1033 376 1108 eodem
403 1035 476 1106 iure
501 1031 546 1104 de
569 1033 802 1126 antiquorum
827 1033 903 1104 sive
928 1031 1126 1104 Dinostrati
1145 1031 1381 1121 Quadratrice
1407 1027 1630 1100 sentiendum
1657 1009 1720 1098 est¹
1734 1027 1790 1097 illi

250 1164 409 1258 superius
434 1159 615 1252 expositae
639 1179 861 1255 comparata,
885 1181 930 1236 ut
954 1160 1095 1256 liquido
1117 1177 1255 1232 constat
1280 1181 1298 1230 a
1324 1155 1524 1228 conlatione
1562 1155 1782 1246 praecitatae

246 1310 331 1385 pag.
355 1287 456 1364 28²⁸.
482 1287 660 1359 Summarii
685 1309 724 1361 et
752 1287 888 1385 sopw.
912 1314 954 1362 ae
984 1287 1111 1362 168'⁸⁶.
1138 1287 1259 1360 scholii
1294 1283 1495 1356 voluminis
1532 1271 1638 1351 Vllll
1675 1299 1784 1352 antea

248 1417 338 1488 dicti
378 1415 571 1510 Imperialis
605 1417 844 1492 Academiae.
875 1419 972 1490 Vera
1007 1415 1168 1512 profecto
1203 1414 1418 1510 Quadrotrix
1452 1409 1589 1500 spiralis
1614 1409 1784 1502 congruit

248 1543 370 1616 llelici
418 1543 713 1620 Archimedeae.
758 1545 1013 1643 Quadrantaria
1057 1565 1180 1616 auten
1223 1541 1350 1633 polaris
1388 1537 1456 1608 hoc
1499 1535 1606 1606 babet
1651 1537 1788 1627 praeci·

248 1693 362 1766 puutn
400 1671 514 1768 (Εἰς.
550 1677 636 1768 49.)
670 1699 690 1748 a
724 1697 781 1748 ute
816 1698 925 1770 nopes
961 1673 1181 1752 detectum,
1216 1667 1315 1762 quod
1351 1665 1487 1736 vocatis
1525 1683 1540 1734 r
1582 1661 1696 1730 Radio
1735 1666 1785 1732 lu
1849 1673 1851 1681 ’

246 1801 379 1872 Circuli
406 1803 596 1896 genitoris,
624 1805 753 1900 Qeius
778 1803 993 1898 Quadrautis
1028 1797 1231 1894 Periphetia
1266 1797 1378 1876 BDO,
1416 1790 1531 1862 Radio
1566 1805 1696 1862 sectore
1731 1791 1786 1858 [Α

246 1949 361 2008 22,
406 1931 670 2026 numeratisque
697 1933 939 2026 Angulispa
971 1929 1088 2002 lladio
1121 1925 1271 2001 maximo
1311 1921 1555 2000 16:390,
1593 1918 1637 1988 sit
1665 1915 1785 1988 ubivis
1926 1919 1928 1924 '

249 2057 366 2126 Arcus
401 2057 592 2129 circularis
628 2063 711 2142 AT,
746 2071 872 2133 cent‘ro
908 2065 949 2143 I,
986 2081 1025 2134 et
1050 2057 1150 2132 radio
1176 2059 1227 2126 IA
1252 2051 1470 2145 descriptus,
1495 2071 1558 2108 ==
1581 2041 1786 2136 Quadranti
1858 2041 1862 2048 ’

251 2185 331 2258 DS.
357 2181 459 2250 cuius
484 2178 601 2250 radius
626 2187 692 2252 DV
710 2183 967 2256 Sinus-rectus
992 2184 1115 2278 anguli
1141 2187 1193 2272 pr
1218 2203 1264 2254 ex
1289 2201 1364 2276 quo
1398 2177 1447 2251 et‘
1472 2197 1599 2247 nomen
1624 2175 1789 2246 Curvae·

254 2317 293 2366 et
320 2299 446 2387 Figura
472 2303 664 2368 innumeris
695 2323 868 2372 contexta
903 2302 996 2370 foliis
1020 2304 1115 2370 eirea
1140 2321 1305 2372 centrum
1331 2307 1370 2378 1,
1395 2321 1433 2368 et
1459 2319 1537 2366 eam
1563 2293 1788 2366 describendi

253 2421 406 2494 facilitas
431 2445 589 2508 summa,
613 2441 652 2494 et
676 2425 819 2497 ceterae
844 2423 1062 2498 adfectiones
1087 2427 1192 2518 ipsius
1217 2424 1493 2498 luculentissime
1519 2419 1748 2495 derivantur·

353 2569 412 2642 53.
439 2551 486 2620 Ea
513 2551 630 2630 inter,
668 2571 760 2642 quae
798 2552 938 2644 sparsim
977 2571 1018 2620 ac
1053 2547 1265 2620 festinanter
1298 2548 1358 2620 illa
1395 2548 1547 2618 iuvenili
1584 2543 1794 2620 faustissime

252 2693 464 2766 tempestate
499 2675 753 2746 adnotaverant
776 2677 873 2748 dunt
906 2677 952 2747 de
987 2680 1113 2748 Curris
1139 2677 1311 2748 universis
1336 2697 1430 2744 novo
1456 2675 1579 2746 ordine
1601 2673 1791 2766 'disponen-

249 2799 303 2871 dis
328 2801 593 2894 excogitabant,
620 2802 775 2871 numeris
799 2803 960 2874 omnibus
986 2805 1128 2894 reperio
1152 2827 1171 2872 a
1199 2823 1255 2872 me
1281 2822 1359 2874 tunt
1394 2803 1591 2874 absolutam
1620 2801 1789 2874 Ovaliuut

250 2932 623 3022 praestantissimarum
649 2929 782 3001 Seriem
807 2951 891 3002 cum
916 2927 1095 3000 adiunctis
1119 2929 1310 3001 rarioribus
1328 2930 1470 3002 illarum
1498 2928 1791 3022 proprietatibus.

218 3081 220 3086 ·
248 3054 355 3124 initio
390 3051 549 3120 Tabulae
584 3069 724 3137 sumpto
758 3049 804 3120 ab
831 3053 1059 3146 Aequatione
1095 3066 1303 3128 moces.
1324 3077 1347 3150 p
1371 3059 1446 3128 siae
1471 3057 1614 3128 Circulo
1639 3029 1789 3130 cuncta·

252 3201 333 3252 rum
368 3175 537 3247 Ovalium
573 3171 823 3264 pinguissimo,
860 3191 898 3246 et
932 3171 1006 3244 fine
1033 3178 1138 3267 ipsius
1164 3181 1327 3252 Tabulae
1354 3185 1468 3274 posito
1493 3185 1530 3256 in
1556 3185 1789 3278 Aequatione

251 3307 484 3391 ωηερε.
500 3295 729 3395 φ)ω,-ςιιαε
756 3319 886 3390 puncta
912 3299 1001 3378 Axis
1025 3293 1208 3384 ertrema,
1235 3307 1399 3378 Ovaliunr
1425 3313 1674 3402 gracilissima,
1700 3334 1790 3384 ocu·

250 3434 293 3502 lis
318 3435 483 3502 subiicit.
507 3431 586 3499 Post
611 3425 789 3498 Circulunt
815 3427 932 3498 statim
957 3449 1151 3502 occurrunt
1176 3433 1338 3506 natisurn
1364 3434 1524 3506 ordinem
1548 3441 1792 3530 prosequenti·

251 3558 316 3629 ltus
341 3559 469 3628 Ovales
494 3557 583 3642 duo,
611 3557 896 3654 Aequationibus
915 3555 1105 3630 distinctae
1124 3559 1355 3647 πεποίθω.
1369 3561 1459 3649 p)²,
1477 3563 1729 3661 z=a(Cas.p
1745 3561 1793 3652 )³,

251 3685 475 3778 eaedemque
501 3706 601 3764 sunt,
628 3708 716 3779 quas
740 3687 886 3758 loannes
911 3687 1069 3780 baptista
1094 3687 1341 3782 Villalpandut
1368 3691 1500 3764 lesuitt
1536 3689 1791 3778 Cordubensis,
1866 3783 1870 3789 Ι

252 3833 382 3908 utpote
410 3811 639 3904 duplicationi
666 3814 756 3884 Cubi
783 3816 1033 3899 inservientes,
1059 3837 1143 3908 apto
1167 3820 1305 3888 nomine
1336 3820 1653 3910 proportionatrices
1688 3843 1790 3890 voca·

114 3961 130 3992 ⁹·
252 3940 329 4022 uit,
358 3939 670 4032 exornavitqnein
690 3939 881 4011 Volumine
905 3933 994 4010 11150.
1012 3950 1208 4035 Apparatus
1231 3946 1328 4016 Vrbis
1346 3969 1385 4018 as
1405 3949 1534 4038 Templi
1554 3947 1793 4038 Hyetosolimi·

251 4067 331 4141 tarsi
368 4070 460 4162 typis
492 4069 622 4140 eutoso
658 4069 791 4138 Romae
826 4087 993 4140 vertente
1026 4071 1371 4146 anno-M.DC.1V·⁰.
1406 4075 1536 4170 (412).
1570 4074 1676 4166 Quod
1703 4075 1791 4150 dum

254 4199 424 4268 memoria
451 4217 603 4290 repeto,
629 4194 724 4266 haud
749 4217 873 4288 parunt
898 4195 1108 4292 obstupesco
1139 4204 1305 4294 ,ignotum
1340 4198 1434 4270 istud
1468 4196 1572 4272 fuisse
1608 4201 1794 4273 Antonio·

255 4323 375 4396 Mario
401 4325 587 4417 Lorgnae,
612 4327 677 4420 qui
704 4325 739 4396 in
766 4318 854 4396 11110.
877 4332 1108 4418 opusculorum
1130 4329 1234 4398 trium
1257 4329 1305 4398 ad
1325 4349 1378 4398 res
1401 4327 1661 4400 mathematicas
1682 4327 1792 4422 perti·

254 4452 406 4522 uniam
425 4453 587 4526 Veronae
605 4455 782 4526 editorum
806 4479 899 4528 anno
918 4454 1267 4534 M.Dec.va11⁰.,
1286 4477 1353 4526 nou
1374 4454 1477 4526 modo
1496 4455 1666 4528 Ovaliutn
1685 4479 1792 4530 unam
1885 4515 1898 4534 .

256 4575 477 4668 Villalpandi
502 4579 606 4674 (413)
632 4583 827 4677 praeditam
864 4585 1094 4678 ¹Aequatione
1121 4565 1793 4677 7⁴4ux²y’-l·x⁴-2ax³=0·
1843 4581 1846 4600 ¹

254 4725 322 4776 aut
348 4725 425 4775 mea
454 4703 621 4778 methodo
645 4706 977 4807 aza‘(cos.p)’
1009 4709 1106 4784 facto
1131 4708 1312 4792 a'z-oa,
1338 4713 1457 4785 veluti
1483 4735 1608 4786 noram
1628 4712 1794 4806 prodide-

255 4831 336 4918 rit,
369 4831 586 4910 Problemati
623 4835 773 4918 Deliaco
812 4863 930 4940 aeque
972 4841 1220 4947 adplicuerit,
1256 4840 1445 4938 minusque
1483 4841 1613 4918 idoneo
1652 4835 1794 4908 nomine

1038 4971 1109 5052 zu
1143 5043 1146 5050 ,
1551 4959 1744 5050 Εἰεεοίἀὶες
