4506 6136
541 359 626 476 236

524 528 621 628 (14,st
646 521 683 610 ᾖ
703 533 760 624 9¹⁶,
783 521 894 622 148'²‘.
908 544 937 622 ),
950 544 1130 611 mirandum
1148 561 1196 608 est
1215 544 1325 608 eodem
1343 545 1379 607 in
1395 543 1567 610 volumine
1586 543 1786 616 Leonardum
1804 551 1957 622 Eulefflffl
1976 563 2015 626 ad

512 695 518 706 .
581 675 624 714 lm,
705 673 744 708 lm
851 671 891 706 um
971 674 1010 708 lim
1044 702 1052 716 ,
1175 701 1182 715 .
1210 701 1217 714 .
1263 700 1269 712 .
1467 701 1474 715 ι

519 721 580 786 pag
621 713 704 778 .193
746 697 847 775 .ac§
894 746 901 760 .
929 698 971 762 XI
1009 746 1021 796 .-
1042 717 1144 779 rpsam
1174 720 1292 762 rnrurra
1322 698 1524 834 adpellavrsse
1552 698 1705 764 trorlroide
1734 705 1873 784 ollongee
1889 715 2009 793 simple.

520 851 625 932 (Vide
653 827 722 928 §aa
743 849 890 924 hunc‚in
901 872 964 932 quo
978 871 1101 924 sumus,
1115 854 1221 932 paullo
1238 851 1402 932 superius)
1415 899 1422 914 .
1434 853 1544 916 Altera
1562 872 1620 916 nec
1635 852 1794 921 Troclsois
1815 867 2010 944 secundam,

467 1028 477 1050 N
519 979 577 1020 nec
596 957 775 1019 secundaria
794 973 841 1020 est
861 960 948 1024 Socia
968 958 1175 1026 Trochoidis.
1192 959 1245 1026 sed
1263 960 1325 1021 alia
1344 959 1448 1023 Curvo
1467 959 1691 1026 transcendens.
1706 967 1755 1030 sui
1771 973 1906 1046 generis,
1922 989 1959 1033 ut
1976 995 2012 1035 ex

514 1065 691 1144 praemissis
711 1065 844 1126 cuilibet
862 1080 966 1143 patet.
987 1066 1071 1126 Nam
1090 1081 1129 1130 ut
1146 1067 1236 1130 Secia
1253 1080 1310 1132 esc.
1330 1064 1442 1136 lieret,
1469 1085 1531 1132 non
1556 1068 1618 1128 Sin.
1637 1083 1699 1140 va,
1718 1071 1775 1134 sed
1791 1075 1928 1150 usim,
1959 1079 2010 1142 gd.

514 1171 645 1258 modum
665 1171 805 1233 diversae
825 1169 1061 1250 significationis
1079 1187 1174 1249 atque
1193 1171 1326 1244 valoris,
1346 1171 1475 1234 deberet
1492 1191 1556 1234 esse
1575 1175 1750 1238 Ordinato.

477 1276 541 1354 (26)
561 1279 726 1356 Quaelibet
744 1279 830 1339 enim
850 1294 921 1356 pars
939 1277 1109 1340 Perimetri
1127 1276 1247 1338 Helicis
1267 1295 1360 1357 super
1379 1276 1565 1355 cylindrum
1586 1280 1719 1343 iacentis
1739 1298 1787 1343 est
1814 1283 1856 1344 ad
1883 1285 2004 1348 Arcum

518 1383 673 1462 subpositi
692 1385 811 1446 Circuli
829 1400 866 1444 ut
884 1382 1002 1444 Radius
1022 1381 1060 1442 ad
1080 1381 1229 1448 Cosinuta
1247 1385 1368 1461 Anguli
1396 1384 1634 1455 inclinationis,
1665 1401 1699 1446 et
1725 1386 1765 1452 arl
1794 1387 2004 1466 interceptum

514 1490 657 1567 Cylindri
687 1489 784 1556 Latus
813 1505 851 1550 ut
878 1475 1000 1550 Radius
1025 1487 1064 1548 ad
1093 1487 1223 1550 Sinum.
1243 1488 1278 1548 ln
1298 1489 1427 1566 planum
1445 1507 1611 1568 expansam
1631 1489 1710 1553 hanc
1729 1492 1872 1554 Helicem
1884 1513 2000 1556 omnes

518 1611 633 1656 norunt
661 1595 693 1654 in
721 1594 850 1655 Lineam
864 1609 989 1680 'rectam
1007 1612 1039 1654 se
1058 1609 1202 1662 vertere.
1221 1592 1315 1654 Helix
1334 1593 1397 1656 ista
1413 1595 1524 1662 eodem
1544 1597 1629 1661 redit
1646 1617 1720 1664 cum
1739 1597 1873 1664 Cochleo
1892 1599 2003 1662 Archi-

517 1697 638 1760 medis.
659 1698 755 1758 Linea
775 1714 823 1760 est
841 1698 988 1776 equidem
1006 1699 1210 1760 celeberrima
1227 1699 1261 1759 in
1281 1699 1475 1760 Graecorum
1494 1721 1639 1764 veterum
1658 1703 1856 1768 Geomettia.
1876 1705 1927 1770 Ad
1945 1705 2001 1767 hoc

518 1821 645 1874 aurun,
665 1821 706 1864 ut*
720 1806 788 1866 eius
807 1805 974 1866 Perimetri
992 1803 1145 1865 dimensio
1165 1804 1199 1864 in
1216 1819 1344 1882 promtu
1362 1805 1422 1876 sit,
1441 1805 1482 1866 ad
1502 1810 1742 1886 retentarum
1773 1811 1918 1872 Arcnum
1948 1812 2001 1872 Pe·

504 1905 675 1988 lsiplsetine
694 1911 861 1971 circularis·
875 1909 1049 1972 necessario
1068 1925 1116 1970 est
1134 1908 1396 1990 confugiendum,
1414 1930 1511 1988 quum
1531 1931 1564 1974 et
1583 1913 1648 1993 ipsa
1668 1915 1790 1976 Curvae
1809 1915 2001 1977 constructio

518 2015 562 2074 ab·
588 2016 650 2076 isto
673 2015 807 2093 pendeat
835 2015 1050 2078 Problemate.
1077 2017 1227 2078 Ceterum
1244 2013 1337 2076 huius
1355 2013 1470 2076 Lineae
1491 2015 1704 2092 antiquiorem
1721 2016 2001 2082 considerationem
2027 2067 2030 2074 n

516 2120 717 2182 tribuendam
735 2135 800 2183 esse
819 2120 988 2199 Apollonio
1008 2119 1144 2198 Pergaeo
1155 2162 1167 2190 ,
1179 2133 1236 2180 aut
1253 2119 1363 2181 saltem
1383 2118 1421 2180 de
1441 2140 1478 2180 ea
1497 2121 1706 2181 vetustiorem
1720 2117 1909 2184 Tractatum
1927 2123 1998 2186 scri·

516 2274 612 2352 psisse
631 2277 707 2360 ssepi
727 2275 760 2339 ri
777 2274 884 2360 anxiis
902 2260 1087 2360 γράμματι,
1106 2288 1217 2336 auctor
1234 2289 1282 2334 est
1300 2270 1428 2334 Procius
1446 2273 1480 2332 in
1498 2235 1575 2332 Libi.
1596 2242 1644 2331 n¹.
1674 2273 1784 2352 Capite
1817 2273 1884 2334 ΧΓ.
1920 2273 1999 2338 Corn·

516 2401 727 2468 notariorum
745 2398 779 2460 in
798 2398 940 2478 primunt
952 2400 1092 2468 Euclidis
1109 2398 1261 2477 (initium
1276 2367 1316 2474 ΩΙ.
1335 2371 1456 2472 61⁰¹⁵.J.
1484 2395 1657 2467 Geminum
1683 2397 1847 2466 Rhodium
1872 2363 1999 2468 eandem

517 2551 647 2618 Lineam
664 2552 748 2616 hand
765 2568 877 2630 parurn
896 2551 1101 2620 illustravisse
1119 2551 1205 2614 idem
1223 2551 1354 2615 Procius
1369 2565 1502 2614 testatur
1522 2551 1543 2612 l
1563 2569 1590 2614 o.
1609 2567 1642 2613 et
1660 2569 1785 2612 rursum
1810 2551 1896 2614 lib0.
1921 2530 1996 2616 1fl¹⁰.

514 2706 554 2772 ad
581 2681 690 2788 pagan.
723 2673 834 2787 maim.
855 2705 1003 2772 editionis
1022 2705 1164 2771 Venetae
1182 2705 1255 2768 anni
1274 2677 1453 2772 Mnlxml
1486 2719 1614 2767 curante
1644 2705 1808 2767 Francisco
1838 2707 1993 2776 Barocio,

510 2812 568 2890 qui
597 2811 756 2874 Graecum
791 2811 880 2890 Opus
909 2811 1006 2874 latine
1047 2811 1170 2882 vertit,
1198 2827 1233 2875 nt
1266 2809 1392 2872 Danieli
1423 2810 1558 2874 Barbara
1585 2809 1800 2870 consecravit.
1828 2811 1921 2870 Nova
1936 2809 1990 2871 'de

517 2915 587 3002 ipsa
614 2913 719 2977 Curva
747 2929 959 2993 symptomata
987 2915 1065 2980 alibi
1096 2915 1217 2994 protuli
1243 2915 1277 2976 in
1306 2913 1536 2995 l’rolegomenis
1568 2915 1809 2996 Magnitudinem
1842 2911 1991 2992 Exponen-

516 3069 642 3136 sialium
670 3079 728 3156 etc.
759 3049 873 3148 (με’.
893 3065 995 3132 LXIV.
1009 3066 1045 3144 ),
1058 3083 1091 3130 et
1109 3067 1142 3130 in
1162 3046 1232 3144 §§¹⁸.
1265 3052 1334 3129 16¹⁰.
1352 3087 1389 3130 ac
1409 3042 1492 3148 52³⁹.
1512 3067 1638 3132 huiusce
1649 3067 1903 3130 Exercitationis.
1924 3067 1994 3130 Plu·

512 3191 550 3232 ra
578 3189 654 3234 vero
672 3169 795 3252 conlegi
822 3173 856 3236 in
886 3170 1043 3238 Tractatn
1062 3173 1164 3236 adhuc
1193 3171 1335 3241 inedito.
1357 3190 1391 3234 et
1410 3175 1453 3235 sic
1472 3175 1626 3252 inscripto
1654 3173 1714 3234 Dei
1738 3173 1837 3236 Solidi
1865 3173 1994 3236 Cocleeri

509 3277 550 3342 sd
566 3278 645 3346 altre
663 3279 746 3356 affini.
758 3279 894 3356 elegante
911 3279 993 3340 della
1012 3277 1180 3346 Geometrio
1198 3281 1274 3348 delle
1294 3279 1408 3341 Corve.
1430 3277 1593 3341 Wallisius
1611 3277 1756 3343 Helicem
1775 3281 1874 3364 ipsam
1897 3280 1994 3340 consi·

512 3380 638 3446 detavit
658 3383 849 3470 geometrice
866 3383 901 3448 in
919 3383 1043 3464 Opere,
1060 3387 1112 3447 eui
1131 3385 1262 3447 titulum
1279 3382 1358 3446 fecit
1376 3381 1556 3448 Mechasico
1573 3385 1637 3445 sine
1654 3385 1695 3446 de·
1710 3385 1800 3447 Motu
1829 3383 1993 3448 Tractatss

496 3497 736 3609 'Grumentum
752 3539 836 3618 typis
849 3536 935 3599 edito
956 3539 1096 3618 primum
1109 3537 1250 3602 Osoaiae
1275 3538 1470 3599 vertentibus
1491 3535 1580 3600 annis
1594 3523 1840 3600 M.Dc.Lx1x⁰⁰.
1854 3513 1992 3608 LXXm„

510 3705 546 3754 et
573 3707 699 3758 tursum
727 3675 749 3754 e·
773 3687 906 3756 Theano
934 3688 1131 3754 Slreldonieno
1158 3665 1406 3770 apap⁸.520⁰¹³.
1426 3675 1737 3770 usquead1064¹²¹²'.
1758 3689 1941 3752 Voluminis
1955 3660 1990 3750 1‘.

509 3843 579 3906 eius
598 3843 726 3918 Operum
745 3857 803 3904 etc.
824 3827 1229 3916 annom.1>c.xcv‘⁰.„io
1247 3822 1370 3924 rrop'‘.
1388 3847 1575 3924 praesertim
1590 3823 1633 3910 1².
1654 3843 1772 3924 Capitis
1790 3811 1867 3905 illd.
1882 3843 1929 3906 De
1940 3843 1991 3906 Go-

509 3994 597 4060 citer
618 3967 689 4074 (μὴ.
709 3994 776 4072 982.
794 3989 880 4069 88.).
1126 4074 1129 4081 1
1547 4065 1551 4074 ,

473 4099 534 4182 (ῃ)
554 4098 691 4162 Unicum
710 4103 743 4161 in
762 4099 946 4164 Geometria
960 4103 1175 4164 recentiorum
1201 4103 1287 4178 ,mihi
1302 4118 1426 4168 constat
1442 4105 1617 4184 exemplum
1636 4101 1649 4179 (
1658 4102 1719 4164 etsi¹
1736 4101 1839 4162 minus
1857 4115 1986 4170 notum,

508 4226 608 4286 neque
627 4208 676 4271 uti
697 4223 754 4284 par
773 4223 854 4269 esset
872 4207 1147 4285 commendatum)
1171 4211 1380 4288 quadraturae
1410 4209 1509 4289 Spatii
1528 4209 1714 4280 curvilinei,
1732 4209 1821 4268 cuius
1842 4187 1986 4266 mensura

507 4311 633 4380 sfacili
652 4331 714 4373 non
732 4309 873 4380 dimanet
899 4333 1045 4377 arearum
1062 4317 1295 4399 aequipollentia
1323 4315 1591 4397 quemadmodum
1617 4313 1756 4377 Lunulae
1784 4309 1988 4388 Hippocratis

509 4477 564 4522 sut
584 4463 755 4540 Oenopidis
776 4421 851 4548 tili
870 4465 953 4541 (vid.
971 4467 1135 4536 Dissertst.
1154 4491 1209 4535 sur
1230 4473 1395 4555 Oenopidos
1421 4470 1458 4534 de
1483 4467 1554 4534 Clio
1573 4483 1631 4546 per
1647 4453 1695 4527 M.
1714 4461 1841 4530 Heinius
1864 4443 1989 4542 apag⁸.

854 4600 904 4637 tam
925 4617 932 4633 ο

506 4587 613 4689 quim.
627 4631 725 4690 usque
747 4613 786 4674 nd
798 4629 855 4696 425
905 4639 957 4678 .rn
966 4618 1136 4683 Volumine
1146 4621 1335 4698 Berslinenfit
1346 4623 1525 4684 Academiae
1535 4639 1591 4700 pto
1603 4639 1682 4682 mmo
1692 4610 1970 4690 M.DCC.XLV1⁰.)
1978 4654 1988 4686 ,

503 4717 858 4797 Patallelogrammaton
876 4723 1124 4786 mixtilineorum
1141 4729 1249 4789 variae
1277 4728 1392 4805 spetiei
1421 4743 1480 4788 etc.
1501 4743 1580 4797 etc..
1599 4739 1633 4786 et
1651 4723 1858 4786 nihilominus
1885 4735 1989 4782 conse·

502 4843 618 4906 quatur
637 4847 655 4888 n
675 4827 821 4907 synthesi
839 4825 1019 4901 finitorum,
1037 4829 1180 4905 scilicet,
1196 4829 1289 4894 nullis
1307 4830 1422 4910 opinus
1436 4829 1616 4910 impetratis
1630 4829 1670 4892 ab
1684 4825 1840 4892 indirecta
1858 4841 1912 4886 seu
1930 4842 1982 4884 ne·

1839 4945 1946 5012 patrus
