4468 6124
493 368 826 529 nies4flyperbotae,
858 443 984 506 Limites
1016 443 1203 516 formulae,
1233 443 1375 524 aliaeque
1408 445 1563 524 passiones
1671 467 1674 472 ·

530 548 637 592 omnes
658 548 718 586 non
738 525 829 587 modo
854 525 1063 592 evolvuntur,
1085 527 1311 584 verumetiam
1335 539 1457 583 etcum
1478 523 1564 582 adfe-

463 607 467 616 ’
530 605 687 670 trionibus
707 604 857 678 Ellipseus
883 603 1102 672 temperatiore
1130 616 1162 659 et
1189 617 1261 658 curn
1284 600 1322 657 iis
1341 601 1379 658 ab
1399 599 1572 660 Alember·‘

529 691 674 758 edatque
694 681 806 742 Eulero
820 675 1034 739 determinatis
1049 692 1163 737 cuncta
1180 674 1257 736 haec
1286 677 1455 736 convenire
1475 679 1563 754 poni·
1585 743 1593 757 ,
1619 742 1626 758 ,

528 779 581 822 tur
601 761 631 818 in
646 771 773 834 aperto.
1584 742 1704 810 rhidee
1743 759 1791 828 59.

492 835 651 904 limitibur
674 833 711 892 iis
733 831 970 912 praetergressis
989 831 1115 892 clariter
1133 828 1263 890 docetur
1283 828 1434 908 quidnam
1452 828 1568 910 signifi·

529 929 582 976 tet
602 911 669 988 ipsa
688 927 726 970 ex
744 911 883 972 Pascalio
909 909 1043 969 deducta
1070 907 1218 970 Formula
1237 909 1415 984 primitiva.
1439 909 1566 968 Circulo

532 989 638 1052 subest
664 1005 699 1048 ae
724 988 855 1047 uilatera
880 987 1075 1066 Hyperbola,
1105 985 1196 1044 cuius
1214 985 1343 1060 antiqua
1363 1001 1436 1042 cum
1466 986 1570 1060 primo
1623 1025 1626 1032 ι

529 1065 683 1130 harmonia
702 1005 802 1126 denuo
821 1065 1065 1124 luculentissime
1081 1061 1224 1138 effulget.
1245 1059 1353 1120 Sensus
1372 1076 1478 1121 autem
1493 1061 1568 1122 For-

526 1144 631 1205 mulae
652 1139 735 1204 idenr
755 1155 876 1210 manet,
899 1143 1053 1218 huiusque
1072 1155 1175 1200 sensus
1194 1139 1369 1196 constantia
1395 1138 1434 1196 ab
1451 1138 1565 1214 latagi·

526 1225 676 1282 nerr'ortrm
702 1219 829 1282 Calculo
850 1218 1013 1276 educitur.
1291 1227 1294 1234 ⁴
1583 1196 1703 1288 {hqd-et
1740 1203 1788 1265 60.

490 1299 576 1363 ldem
595 1296 688 1356 aliter
709 1297 956 1356 demonstratur.
1584 1276 1701 1338 studet
1737 1281 1787 1342 61.

487 1381 556 1458 Qua
578 1373 650 1434 data
676 1374 837 1432 occasione
868 1368 1019 1446 plurimae
1042 1365 1212 1444 profluunt
1230 1365 1446 1428 conversiones
1472 1367 1565 1429 unius

529 1446 880 1523 FormulaeadEllipsin
901 1446 1016 1504 relatae
1036 1445 1069 1502 in
1088 1445 1221 1503 alteram
1242 1443 1444 1520 Hyperbolae
1466 1448 1562 1522 perti·

530 1545 678 1597 nentem,
697 1541 791 1603 atque
812 1523 969 1594 vicissim,
988 1521 1178 1598 imaginariis
1197 1519 1271 1598 ipsis
1290 1524 1324 1584 in
1342 1521 1495 1584 auxilium
1509 1543 1562 1586 vo·

529 1605 607 1668 tatis
622 1649 630 1663 .

1579 1574 1655 1639 ibid.
1666 1591 1701 1640 et
1735 1574 1785 1642 &a

544 1759 551 1773 ι
627 1757 633 1772 e
742 1756 750 1772 ι
823 1757 829 1772 e
888 1756 895 1771 ι
1059 1751 1066 1768 Ι
1195 1753 1203 1770 ι
1393 1673 1511 1766 dzfi

491 1761 568 1826 Aru
578 1758 930 1835 Ellrpseusrmegmrrrrtr
940 1725 1341 1888 produtrtFrttretteeems

1334 1815 1567 1912 sszztfstrt
1652 1909 1657 1918 ,

528 1942 732 2010 nihilominus
750 1945 879 2016 realem,
894 1941 1051 2020 praesidio
1069 1956 1175 2002 tamen
1193 1939 1331 2016 Elliptiti
1348 1941 1442 2000 simul
1456 1955 1489 2001 et
1501 1941 1568 2018 Hy·

531 2021 684 2104 perboliti
713 2023 815 2084 Arcus
844 2022 1066 2095 integrandam.
1097 2019 1188 2080 Patet
1219 2019 1304 2078 eninr
1337 2017 1570 2080 evidentissime

531 2156 714 2247 imaginarie
733 2153 870 2217 invicem
881 2153 998 2216 destrui
1009 2199 1017 2226 ,
1030 2151 1186 2232 quomodo
1198 2151 1273 2214 alias
1291 2153 1324 2216 in
1343 2152 1389 2231 §⁰.
1407 2127 1486 2234 32⁶⁰,
1497 2173 1572 2218 con·

532 2248 558 2294 tt
582 2249 670 2294 erat.
1191 2271 1195 2280 ·
1290 2275 1294 2282 -

493 2251 655 2377 Uud{nam
675 2305 733 2366 hoc
752 2308 893 2376 eueniat,
912 2325 1007 2384 quarn
1025 2321 1129 2366 servet
1141 2323 1219 2364 noua
1232 2305 1379 2367 Formula
1394 2309 1570 2390 analogiam

530 2406 605 2448 cunr
624 2385 768 2446 doctrina
786 2383 914 2444 Pascalii
929 2393 939 2450 ,¹
954 2403 1016 2460 qua
1034 2383 1263 2444 constructione
1284 2383 1322 2442 ad
1352 2383 1567 2462 Hyperbolam

529 2463 754 2540 aequilateram
774 2459 997 2529 transferatur,
1016 2457 1091 2536 quid
1112 2458 1264 2537 significet
1292 2459 1324 2518 in
1358 2459 1415 2522 lrac
1443 2463 1566 2542 Hyper·

529 2541 621 2611 bola,
639 2555 774 2618 quanam
793 2538 913 2599 ratione
932 2537 1133 2598 eliminentur
1158 2539 1361 2616 Imaginatio.
1389 2537 1489 2602 fustus
1517 2542 1568 2604 hic

531 2617 687 2681 traditur.
1580 2613 1701 2681 ibides
1736 2617 1783 2694 64

456 2696 487 2776 5.
507 2709 554 2774 34.
576 2691 774 2757 Constructio
794 2693 860 2770 ipsa
874 2693 1051 2768 gereretrr'ee
1068 2709 1194 2752 rursum
1221 2691 1356 2753 examini
1382 2693 1564 2768 subiicitur,

530 2773 723 2848 effulgetque
742 2769 870 2847 perinde
886 2790 925 2832 ac
943 2769 970 2830 si
988 2769 1183 2832 corollarium
1202 2785 1282 2832 esset
1299 2771 1563 2848 simplicissimum

530 2849 690 2911 doctrinae
711 2847 859 2908 Pascalii.
1410 2869 1413 2876 ·
1461 2859 1465 2864 ·
1574 2843 1646 2907 ibid
1657 2858 1692 2906 et
1727 2845 1774 2924 65.

492 2925 674 2988 Corollariis
691 2923 804 2986 iisdem
822 2921 1009 2985 adscribitur
1027 2921 1145 2985 iterum
1164 2919 1293 2984 Fuertio
1310 2923 1410 2988 Attus
1435 2922 1555 3002 Hyper·

1583 2230 1657 2296 ibid.
1667 2249 1702 2298 et
1736 2233 1786 2314 63.

525 3106 617 3168 bolae
635 3062 825 3228 conicaes
916 3027 1025 3113 dm
1140 3143 1149 3166 .
1578 3110 1698 3176 ibides
1731 3108 1781 3174 66.

874 3189 1110 3256 eto—w

492 3373 663 3442 Peculiaris
680 3343 807 3440 Feretrio
862 3297 1045 3524 &Q
1085 3415 1095 3444 .
1123 3373 1245 3452 inqua
1271 3375 1446 3440 remmia
1473 3374 1565 3440 valde

670 3516 673 3523 .
915 3480 934 3522 c
961 3487 997 3502 ·-

524 3569 691 3710 despadarit
707 3563 938 3638 Maclaurinus,
957 3477 1075 3630 tribus
1101 3566 1202 3632 modis
1217 3569 1322 3638 elucet
1338 3569 1476 3638 Pascalio
1494 3572 1566 3636 sub-
1580 3647 1646 3716 w

522 3669 570 3712 rec
615 3693 623 3708 .
1578 3673 1657 3716 rr.

490 3799 594 3866 Etiam
613 3797 741 3864 Fenctie
756 3725 1025 3952 sps-Li-
1048 3799 1384 3881 ‚Arcumsigoifieans
1397 3801 1561 3883 Hyperbo-

868 3889 904 3964 ς’
919 3905 982 3946 —rt

525 3993 575 4054 lae
596 3993 690 4072 ipsius
708 3992 918 4069 aequilaterae
938 3991 1031 4054 simul
1049 4013 1122 4058 curn
1149 3995 1248 4059 Linea
1263 4013 1370 4070 recta,
1389 4017 1408 4059 a
1428 3996 1559 4060 Pascalii

528 4071 668 4132 theorice
686 4069 805 4130 utitur.
1110 4067 1114 4080 '
1727 4067 1776 4148 63·

485 4148 650 4215 formulae
670 4165 774 4208 omnes
810 4145 1146 4221 rimigenieeal’ascalii
1166 4147 1309 4213 doctrina
1326 4151 1475 4214 deductae
1493 4151 1552 4210 ite·

523 4244 594 4286 rum
616 4226 709 4308 uariis
729 4243 759 4285 nr
802 4221 1048 4312 isnexhibentun
1067 4243 1162 4304 atque
1180 4228 1316 4290 invicem
1330 4243 1550 4305 comparantur

520 4319 559 4362 ut
577 4301 691 4362 elarius
710 4317 816 4378 pateat
833 4319 865 4360 rn
884 4319 947 4376 quo
966 4321 1154 4382 congruant,
1183 4321 1240 4366 aut
1256 4306 1291 4368 in
1318 4325 1380 4384 quo
1409 4303 1555 4366 differant

518 4379 602 4439 inter
623 4397 654 4440 te
673 4377 702 4439 F
703 4381 850 4439 erectiores
868 4381 1105 4443 transcendentes
1120 4425 1128 4452 ,
1146 4399 1227 4458 quae
1247 4382 1286 4443 ad
1317 4383 1554 4460 rectifcetr'oeero
1775 4433 1782 4442 .

522 4455 659 4521 Cimoli,
678 4455 826 4530 Ellipseos
840 4496 849 4523 ‚
865 4469 899 4512 et
916 4453 1116 4532 Hyperbolae
1156 4461 1309 4520 ertinent.
1571 4449 1689 4516 irridet
1711 4447 1772 4514 68.

443 4527 472 4608 §.
490 4542 537 4610 35
567 4529 598 4591 A
630 4531 831 4592 Geometrieo
863 4529 1014 4594 idiomate
1053 4534 1088 4595 in
1121 4475 1342 4614 iligebraicum
1371 4535 1559 4598 transfertur

517 4641 576 4758 51⁸.
608 4641 693 4754 {3¹⁰2
708 4665 746 4726 de
759 4667 880 4728 Summa
898 4667 1033 4730 sistenda
1050 4669 1306 4746 perductatamen
1318 4669 1483 4729 Laterlbus
1497 4667 1556 4726 Co·

519 4758 711 4884 peropqtuqus
732 4746 844 4807 sceleti
864 4745 898 4806 in
916 4764 1006 4810 arcus
1024 4747 1143 4812 Circuli
1158 4747 1407 4824 infinite-parvos
1421 4743 1486 4807 Sive
1498 4743 1555 4806 Ba·
1572 4815 1636 4880 ‚Ed

620 4835 724 4898 petus.
1570 4839 1584 4882 t
1604 4839 1616 4878 r
1639 4863 1648 4879 .
