4566 6152
526 397 583 460 ΧΠ

468 519 679 610 versiculo
710 519 862 610 tritum
891 519 998 612 illud
1028 539 1073 610 et
1104 519 1149 610 in
1180 547 1257 610 ote
1288 520 1429 638 puetis
1462 519 1655 622 habitum
1686 528 1871 628 Galilaei
1899 535 1995 628 effa·

466 695 561 760 tum
595 669 896 786 panegyricam
928 668 1169 762 orationem
1202 698 1377 761 omnem
1400 677 1622 768 concludit
1642 681 1764 799 (30)
1785 685 1994 792 Ceterum

469 815 499 906 fi
487 849 524 926 ι,
555 846 662 932 quae
693 816 1013 910 Mathematicis
1044 817 1219 934 scripsi,
1249 819 1295 908 in
1330 847 1494 944 eorum
1516 824 1673 984 cedant
1712 835 1996 994 commodum

469 989 598 1084 atque
626 965 883 1073 utilitatem,
913 967 1013 1060 satis
1045 996 1120 1080 pro
1149 965 1322 1058 beatus
1888 1051 1892 1060 ,
1934 1044 1939 1064 ,

587 1117 771 1215 Utinam
802 1143 909 1233 quae
939 1113 1075 1206 iuffu
1071 1117 1291 1208 Parucrars
1338 1115 1508 1237 Optimi
1549 1117 1731 1216 Maximi
1768 1085 1998 1247 composui

472 1263 687 1368 Consilia,
719 1263 899 1356 minime
901 1265 1213 1390 poenitenda,
1244 1265 1362 1384 typis
1393 1267 1600 1362 excudere
1631 1273 1833 1366 licuisset:
1857 1279 1998 1370 nullus

473 1415 591 1504 enim
621 1411 774 1508 dubito
804 1379 909 1530 quin
938 1417 1161 1508 communi
1192 1415 1510 1532 adprobationis
1541 1421 1708 1513 calculo
1731 1449 1775 1516 et
1797 1453 1867 1514 me
1889 1423 1999 1515 bene
2095 1451 2102 1464 ·

471 1561 700 1680 aliquando
730 1563 784 1654 de
813 1560 1046 1679 Republica
1080 1566 1281 1658 meruisse
1312 1567 1358 1658 in
1398 1595 1545 1684 aperto
1588 1569 1816 1664 constaret.
1860 1572 1998 1664 Pluri-

471 1741 542 1804 ma
572 1711 771 1828 quidem,
801 1741 906 1830 quae
939 1713 1207 1806 subditorum
1239 1719 1497 1836 commercia
1520 1745 1565 1810 et
1582 1751 1780 1812 arvorum
1801 1721 1999 1812 adtinent

473 1859 734 1968 ubertatem,
768 1889 839 1954 aut
871 1863 1330 1958 viasdemonstrabant
1360 1896 1436 1984 per
1463 1870 1590 1958 ardua
1622 1871 1838 1962 montium
1880 1895 1996 1986 pate·

472 2005 707 2117 faciendas,
747 2037 820 2102 aut
860 2009 970 2104 fines
1010 2011 1205 2106 Etruriae
1247 2016 1483 2132 regundos,
1523 2044 1597 2108 aut
1637 2047 1788 2136 porrus
1830 2023 1876 2108 in
1908 2016 1996 2110 oris

473 2157 700 2248 maritimis
740 2157 1086 2277 amplificandos,
1128 2187 1201 2252 aut
1235 2159 1362 2272 ¹follas
1402 2159 1659 2283 navigabiles
1702 2168 1753 2256 ab
1792 2167 1997 2258 inchoato

472 2305 710 2396 educendas
722 2340 738 2394 :-
766 2308 869 2417 alia,
899 2340 1006 2427 quae
1025 2312 1285 2428 populorum
1304 2313 1428 2404 saluti
1456 2315 1650 2428 publicae
1671 2283 2002 2423 cbnstcrantur,

474 2453 544 2542 vel
575 2455 798 2570 paludibus
829 2458 1091 2554 exsiccandis
1122 2459 1427 2576 providebant,
1448 2446 1517 2554 uel
1548 2463 1877 2581 aquaeductibus
1899 2493 2001 2576 opt·

472 2632 518 2692 re
548 2602 631 2720 qud
663 2623 987 2702 concamerato,
1014 2605 1099 2710 'qud
1135 2623 1309 2686 arcuato
1341 2609 1626 2700 exstruendis,
1658 2613 1727 2684 vel
1770 2606 2008 2684 fluminum·

470 2745 827 2836 exundationibus
870 2769 1105 2855 eorumque
1149 2740 1267 2830 vadis
1308 2751 1509 2854 aggerum
1559 2765 1602 2830 ct
1644 2741 1843 2855 pontium
1885 2743 2001 2832 mole

473 2889 743 2998 coercendis:
787 2875 938 3008 pauca
961 2917 1065 2980 vero
1108 2885 1158 2978 ad
1200 2886 1498 3020 Hydraulictn
1531 2886 1786 3002 polemicam
1817 2889 2001 3004 pertine·

472 3037 599 3143 bant,
631 3066 758 3153 quam
789 3068 812 3130 a
842 3041 984 3154 primo
1015 3039 1162 3155 utique
1195 3035 1429 3126 studiorum
1461 3059 1656 3152 tempore
1686 3065 1852 3152 semper
1893 3065 2002 3130 sem·

474 3185 634 3304 perque
666 3185 769 3276 odio
800 3185 949 3276 habui.
980 3184 1062 3274 Sed
1094 3186 1289 3274 Paruulus
1320 3184 1413 3300 ipso
1445 3185 1489 3272 in
1509 3185 1711 3300 regnandi
1730 3185 1888 3276 artibus
1909 3185 2004 3298 phi·

473 3316 763 3450 losophante,
805 3337 1154 3452 publicarumque
1194 3338 1337 3424 ictum
1371 3356 1685 3449 propugnatore
1724 3360 1767 3422 tt
1809 3333 2003 3438 vindice,

475 3482 635 3574 maiora
668 3485 795 3574 etiam
814 3481 1023 3600 adgressus
1051 3484 1105 3576 de
1128 3513 1172 3575 re
1202 3479 1388 3572 censuali
1419 3477 1537 3596 (31),
1564 3481 1616 3568 de
1648 3478 1807 3568 iuribus
1838 3481 2002 3571 civium

476 3624 717 3738 strdandis,
749 3633 802 3722 de
833 3631 1003 3748 imperii
1034 3629 1244 3722 maiestate
1276 3627 1453 3733 tuenda,
1472 3626 1525 3716 de
1556 3627 1703 3746 legum
1733 3624 2003 3718 ferendarum

478 3777 747 3896 archetypis,
767 3803 839 3870 aut
858 3782 1039 3870 latarum
1059 3780 1198 3886 vitiis,
1218 3774 1247 3864 fi
1267 3803 1373 3892 quae
1392 3773 1583 3881 fuerant,
1601 3805 1786 3893 quorum
1805 3776 2004 3868 omnium

479 3925 739 4044 autographa
768 3927 812 4014 in
856 3927 1151 4020 Archivorum
1182 3921 1335 4018 loculis
1374 3923 1621 4016 iamdudum
1647 3919 1842 4058 reposita
1882 3925 2004 4039 prelo

477 4076 685 4175 subiicere
717 4073 834 4166 nefas
864 4077 986 4170 ellet.
1020 4080 1138 4192 Quae
1170 4074 1199 4164 sr
1230 4071 1479 4192 quibusdam
1510 4069 1677 4162 forcalle
1708 4067 1892 4160 modesta
1924 4073 2003 4196 mi·

476 4253 557 4314 nus
587 4250 660 4315 aut
690 4226 817 4314 nimis
849 4223 1035 4318 aestuosa
1068 4225 1155 4316 visa
1186 4221 1370 4331 fuerint,
1400 4220 1660 4334 neutiquam
1694 4246 1798 4335 ego,
1827 4217 1901 4312 sed
1934 4249 2005 4310 ve·

478 4370 579 4462 titas
610 4372 699 4485 ipsa
731 4372 993 4487 obiurganda
1024 4373 1141 4486 (ga).
1799 4393 1804 4398 ’

599 4515 940 4618 Exercitationes
970 4519 1100 4634 aliae,
1130 4520 1380 4638 quibuscum
1411 4510 1532 4604 labor
1566 4511 1903 4608 istesocietatem
1923 4514 2006 4606 ini·

479 4691 622 4772 verat,
652 4666 816 4758 Lineas'
836 4667 1046 4786 quasdam·
1070 4667 1232 4770 ordinis
1261 4664 1402 4785 quarti
1423 4665 1761 4782 complectentes
1784 4695 1808 4753 a
1827 4659 2005 4754 Bernar-

409 4817 411 4822 ’
478 4821 541 4914 do
572 4816 890 4940 Bragelongniu
908 4818 996 4947 ⁴riu
1026 4816 1252 4948 inlinunt
1281 4803 1477 4916 salutatas
1518 4811 1638 4954 (33),
1669 4816 1797 4908 etde
1830 4810 2008 4900 Thema

470 4997 472 5002 ·
1761 4958 1947 5058 Petellio
