4566 6152
1748 505 1799 594 ta

332 619 394 694 sed
436 613 663 720 retrograda,
697 615 815 701 redit;
850 597 947 714 quod
981 613 1071 692 adeo
1102 613 1320 714 facillimum
1340 631 1413 702 est,
1449 633 1496 692 ut
1521 619 1763 716 explicationis
1790 645 1858 696 non

334 728 459 846 egeae

434 853 473 972 9ss
495 877 656 974 Dignum
681 875 796 968 potius
821 875 984 944 existimo
1009 870 1108 968 quod
1133 872 1348 946 Geometras
1372 871 1591 976 admirentur
1614 873 1659 946 ab
1683 898 1758 947 uno
1792 877 1861 950 hoc

334 1005 591 1098 simplicissimo
617 1000 756 1072 Pascalii
783 997 1042 1080 Theoremate‚
1068 999 1329 1092 aliquantulum
1355 1021 1548 1081 exornato,
1571 1025 1609 1072 aa
1628 1004 1744 1074 omnia
1770 1002 1865 1076 deri·

298 1171 300 1174 -
329 1133 439 1228 -vari,
475 1150 567 1222 quae
600 1147 666 1216 ope
692 1145 808 1198 motus
833 1129 982 1216 repentis
1008 1146 1073 1199 aut
1098 1127 1261 1219 romarii,
1288 1150 1328 1198 ac
1354 1128 1579 1211 Curvarunr,
1605 1152 1692 1222 quas
1718 1133 1865 1203 vocavit

341 1248 570 1344 multigibbos,
605 1254 748 1323 loannes
784 1254 1022 1336 Betooullius‚
1056 1273 1095 1326 et
1130 1273 1208 1347 post
1243 1254 1363 1348 longos
1388 1254 1522 1326 Calculi
1549 1253 1734 1328 finitorum
1758 1277 1867 1350 atque

337 1380 683 1472 infinite-parvorum
709 1379 842 1450 labores
868 1381 1069 1454 Leonardus
1090 1383 1235 1454 Eulerus
1256 1379 1387 1452 dedere
1407 1380 1452 1452 ad
1471 1386 1663 1490 proximam
1681 1385 1867 1456 invenien-

337 1506 416 1576 dam
443 1507 697 1600 aeqoalitatem
713 1509 897 1599 perimetri
917 1509 1081 1601 Ellipseos
1096 1512 1255 1590 tonicae.
1270 1530 1311 1605 et
1327 1510 1516 1582 Circularis
1530 1508 1751 1604 peripheriae
1768 1507 1866 1603 (38).

334 1633 440 1706 Libet
474 1637 509 1704 in
557 1655 596 1706 re
639 1636 878 1706 amoenissima
922 1637 1099 1728 paulisper
1134 1637 1328 1708 immorari.
1363 1637 1612 1730 coniungebat
1648 1637 1867 1711 Bernoullius

333 1759 437 1852 (fig.
457 1757 513 1844 8.)
538 1762 574 1831 in
610 1761 760 1834 eandem
786 1762 914 1834 lineam
940 1783 1075 1836 rectam
1101 1762 1189 1835 duos
1215 1766 1391 1836 Semiaxes
1416 1769 1565 1842 ΒΜΔ
1590 1763 1779 1834 cuiuslibet
1805 1764 1866 1833 El·

332 1887 471 1979 lipseos¹
488 1887 615 1976 datae,
640 1913 680 1960 ac
707 1912 813 1983 super
837 1897 917 1974 AB,
936 1913 1060 1965 eorum
1082 1915 1262 1972 summam,
1287 1891 1402 1962 veluti
1420 1889 1630 1962 diametrum
1650 1887 1870 1960 describebat

321 2015 463 2085 ⁴Circuli
499 2017 943 2091 Semicircumferentiam.
981 2023 1062 2112 Qua
1097 2015 1481 2091 Semicircumferentia
1517 2013 1630 2124 divisa
1666 2016 1702 2084 in
1727 2016 1869 2108 quosvis

331 2163 481 2239 numero
504 2145 673 2236 aequales
698 2169 799 2218 arcus
827 2145 981 2242 o‚4,8,
1000 2145 1045 2218 16
1054 2193 1063 2229 ‚
1078 2145 1207 2240 32,64
1232 2167 1321 2227 etc„
1348 2144 1539 2238 ductisque
1563 2165 1583 2214 a
1610 2159 1745 2235 puncto
1771 2147 1798 2210 c
1821 2142 1870 2212 ad

336 2272 452 2340 omnia
479 2269 657 2342 divisionis
683 2293 812 2365 puncta
838 2277 944 2348 rectis
968 2274 1090 2358 lineis,
1121 2273 1333 2347 adfirmabat
1366 2274 1512 2343 Lineam
1545 2289 1679 2342 rectam
1712 2267 1872 2340 Mediam

339 2391 602 2462 arithmeticam
637 2415 816 2474 rectarum
850 2399 895 2468 ad
936 2422 1073 2491 puncta
1110 2403 1257 2489 imparia
1293 2399 1550 2490 pertinentium
1583 2395 1644 2483 (in
1678 2393 1872 2468 Schematis

535 2511 1417 2690 Q)
1444 2569 1520 2638 fore
1546 2567 1685 2640 radium
1710 2569 1871 2652 Circuli,

333 2733 436 2804 cuius
471 2723 673 2818 Peripheria
708 2727 869 2818 proxime
907 2733 1018 2799 maio'r
1056 2739 1224 2823 Ellipaeos
1258 2739 1363 2806 darae
1392 2741 1607 2817 Perimetru.
1641 2739 1874 2832 Mediumque

334 2856 602 2931 arithmeticam
627 2855 793 2926 Summae
819 2873 999 2924 rectarum
1027 2854 1072 2926 ad
1105 2859 1282 2932 divisionis
1315 2883 1448 2952 puncta
1483 2865 1579 2954 paria
1613 2863 1799 2936 ductarum
1836 2889 1875 2940 et

401 3033 422 3052 ,,
590 3033 598 3049 ,
641 3031 649 3048 ,
758 2974 1596 3064 Co÷c4÷C6÷C8÷C10-tctu-t·C14-sAD
1798 3041 1806 3056 .

333 3034 425 3152 *tadu
453 3037 520 3105 AD
538 3033 733 3122 (nimirum
1164 3071 1230 3152 3-
1603 3037 1617 3126 )
1637 3059 1708 3110 esse
1733 3037 1873 3114 radtum

338 2561 503 2653 exemplo

338 3209 485 3281 alterius
528 3207 661 3278 Circuli
695 3201 1029 3278 circumferentiam
1064 3199 1228 3272 habentis
1263 3205 1422 3295 proxime
1469 3211 1638 3282 minorem
1676 3217 1873 3288 Perimetro

337 3337 444 3430 ipsius
470 3335 655 3426 Ellipseos,
681 3333 815 3428 hosque
831 3333 979 3402 Limites
1003 3329 1171 3400 arctiores
1197 3351 1287 3411 esse,
1314 3355 1389 3424 quo
1419 3337 1528 3427 magis
1555 3361 1729 3432 augeatur
1753 3365 1875 3413 nume.

266 3481 271 3490 ’
339 3485 400 3537 rus
426 3463 641 3534 divisionum
668 3461 866 3554 descriptae
891 3455 1232 3550 Semiperipheriae.
1258 3457 1326 3528 Sed
1360 3461 1592 3533 universalius
1629 3469 1777 3539 Eulerus
1813 3472 1875 3542 Li·

340 3591 444 3662 mites
470 3590 611 3660 istosin
636 3611 748 3664 unum
773 3607 985 3681 componens
1011 3583 1189 3668 adseruit,
1222 3581 1345 3656 eadem
1372 3585 1571 3678 hypothesi
1587 3587 1705 3668 facta,
1730 3593 1869 3666 radium

341 3713 567 3812 Peripheriae
603 3715 780 3786 circularis
815 3717 973 3809 proxime
998 3716 1155 3808 aequalis
1190 3716 1385 3788 Perimerro
1418 3715 1585 3808 lillipseos
1620 3717 1874 3810 Apollonianae

340 3843 493 3934 exprimi
518 3865 537 3911 a
564 3841 721 3909 Formuln
748 3846 899 3933 generali
1182 3941 1184 3946 ,

341 3961 1924 4082 AD-act-tca403¹4ca÷c5406÷cz4c8÷cpvcro÷ct14812461346144615-sere.

1116 4107 1137 4152 n

338 4210 569 4305 quicumque
583 4202 698 4279 fuerit
725 4201 904 4275 divisionis
928 4229 1094 4284 numerus
1119 4233 1161 4292 a,
1187 4230 1226 4282 et
1251 4209 1320 4281 hoc
1346 4213 1382 4282 in
1400 4212 1607 4284 immensum
1620 4211 1774 4283 adaucto
1793 4233 1872 4304 per·

338 4331 471 4410 sectam
496 4334 620 4407 haberi
645 4333 919 4406 Perimetrorum
947 4337 1108 4428 Ellipseos
1132 4357 1170 4408 et
1194 4335 1327 4408 Circuli
1352 4337 1630 4428 aequalitatem.
1655 4338 1761 4410 Cuius
1796 4340 1875 4434 pul·

339 4461 503 4537 cherrimi
530 4462 777 4536 Theoreruatis
803 4461 1082 4553 Isoperimetrict‘,
1102 4479 1140 4535 et
1163 4463 1200 4536 in
1225 4463 1323 4556 praxi
1349 4467 1563 4557 geometrica
1589 4467 1876 4562 perquammaxi·

342 4609 418 4664 mae
451 4593 618 4666 utilitatis
651 4591 747 4684 (39),
783 4589 1035 4666 demonstratio
1067 4613 1134 4664 non
1169 4611 1189 4662 e
1222 4589 1418 4686 longinquo
1451 4591 1603 4686 petenda
1641 4614 1725 4686 est,
1757 4615 1873 4688 quum

341 4719 390 4790 tit
414 4721 526 4811 ipsum
551 4707 753 4792 The'orema
778 4721 941 4794 Pascalii.
968 4722 1075 4794 Erre
1101 4717 1246 4814 quidem
1272 4741 1381 4801 vera,
1408 4720 1433 4791 si
1459 4723 1679 4816 concipiatur
1697 4719 1873 4809 descripta

340 4863 417 4919 tota
444 4844 645 4938 Peripheria
671 4845 881 4942 diametrum
907 4848 1037 4924 habens
1062 4855 1149 4931 ΑΒ,
1184 4849 1253 4920 erit
1293 4867 1339 4920 an
1375 4870 1542 4922 numerus
1577 4847 1782 4918 arculorum
1816 4863 1876 4913 ae·

341 4973 523 5070 qualium,
547 4975 761 5071 Summaque
785 4995 960 5054 rectarum
985 4979 1140 5056 omnium
1165 4978 1201 5048 in
1226 4977 1361 5054 arculus
1379 4996 1453 5070 quo
1471 4973 1516 5048 ad
1535 4965 1650 5066 socam
1675 4974 1703 5037 c
1727 4990 1789 5062 par
1818 4967 1880 5042 fiet
1928 4970 1930 4976 ’

1128 5099 1202 5180 ua
1741 5119 1822 5194 pro·
