4566 6152
573 527 670 585 xutv

512 646 603 724 cive
632 701 658 735 ‚,
686 641 754 724 Nil
792 643 916 722 moitis
951 665 1149 746 generatur
1187 645 1296 750 ipso,
1332 669 1396 726 nec
1431 649 1532 753 uiget
1567 651 1773 758 quidquam
1810 662 1937 743 simile
1974 695 2041 748 «a,

447 759 449 764 Ι
510 785 728 864 secundum.
758 837 784 872 ‚,

621 919 708 1026 (30)
737 922 793 997 La
835 919 1065 1000 Geometria.
1084 945 1212 1008 serua,
1250 945 1289 998 se
1327 951 1398 1002 non
1437 924 1561 1028 altre,
1583 955 1651 1034 per
1680 935 1864 1020 niisurcre
1886 943 1902 1016 i
1923 944 2013 1046 goffl
2025 1002 2036 1022 .

507 1060 530 1156 Ι(
551 1058 793 1138 Consulatur
821 1053 938 1161 Opus
965 1080 1058 1136 vere
1088 1057 1287 1136 ludicrum
1318 1060 1354 1138 ΙΙ
1381 1061 1562 1142 Pacorone
1586 1067 1628 1145 di
1648 1069 1711 1148 Ser
1741 1073 1929 1154 Giouanni
1949 1080 2040 1158 Fio-
2068 1137 2082 1156 .

510 1181 654 1276 remim
683 1194 876 1275 editionis
906 1165 1763 1306 mediolanensisanni¹M.D.Lxxx1v¹i)

618 1334 709 1438 (31)
739 1331 844 1411 Cum
874 1337 1072 1424 praemitti
1099 1331 1271 1438 quodam
1301 1333 1429 1418 fusius
1457 1340 1555 1418 oliru
1586 1341 1811 1451 disceptari
1851 1351 1902 1428 de
1937 1361 2035 1440 'veie

505 1473 803 1580 significatione
832 1471 1119 1554 Graeci-verbi
1160 1485 1273 1572 asper,
1304 1473 1411 1576 quod
1441 1474 1511 1554 ille
1539 1493 1700 1560 censum
1736 1507 1779 1561 et
1817 1491 2038 1590 vectigalia

507 1613 866 1720 interpretabatur,
894 1611 1066 1717 ideoque
1094 1637 1184 1690 cnm
1215 1636 1331 1690 sensu
1360 1609 1635 1696 confundebat
1663 1620 1835 1726 alterius¹
1861 1627 2033 1706 vocabu-

504 1753 536 1832 li
565 1767 699 1851 impie,
730 1751 879 1828 iniuria
907 1749 1072 1854 quidem
1108 1773 1158 1826 ex
1196 1747 1441 1828 auctoritate
1460 1752 1783 1858 Xenophontis,
1821 1761 2032 1854 Isocratis,

505 1909 627 1992 utque
656 1885 962 1966 Demosthenis.
990 1887 1142 1964 Revera
1171 1891 1252 1970 ripa
1281 1885 1388 1964 idem
1418 1909 1477 1966 est
1505 1915 1552 1970 ac
1588 1894 1819 1984 mutuatio,
1854 1921 1925 1978 eut
1963 1925 2030 2005 pe·

506 2026 639 2103 cunia.
657 2024 839 2127 quaesita
867 2023 917 2100 ab
945 2023 1020 2109 iis,
1040 2023 1415 2126 quitantummodo
1436 2049 1578 2130 tempus
1597 2031 1847 2122 commodem,
1867 2037 2030 2114 aliudve

508 2162 676 2264 idgeous
703 2158 925 2238 remedium
944 2181 1261 2266 extremumpro
1283 2161 1409 2242 salute
1432 2165 1579 2246 tuenda
1607 2167 2029 2272 Reipublicae..Haec

511 2300 642 2404 prima
684 2297 847 2378 fuerunt
885 2297 935 2376 de
971 2295 1111 2384 Censu¹
1141 2298 1364 2408 studiorum
1393 2322 1570 2383 meorum
1598 2305 1858 2388 rudimenta..
1882 2311 2029 2390 Cetera

474 2487 476 2492 ,
507 2439 618 2516 iussu
648 2438 842 2516 Poriscmrs
871 2439 917 2516 iu
935 2438 1083 2542 „patriis
1111 2423 1537 2544 gramrnctophylociis
1566 2439 1825 2526 adservantur
1843 2427 2049 2527 ..Eiidem

505 2573 555 2652 de
583 2601 624 2652 re
653 2575 843 2680 epistolas
873 2572 1040 2677 scripsi,
1068 2593 1110 2652 et
1136 2575 1274 2678 accepi
1296 2577 1487 2659 ‘vicissim
1516 2577 1675 2661 labente
1705 2607 1813 2660 anno
1837 2582 2026 2664 MDCC.

390 2755 394 2764 ‚
503 2707 746 2790 LXXXlll0.
773 2737 797 2788 a
826 2709 1082 2788 meritissimo
1109 2711 1297 2816 publicae
1316 2733 1563 2794 -oeeonotnes
1591 2714 1779 2796 cultore,¹
1808 2711 1907 2790 olim
1924 2715 2025 2794 Au-

505 2850 613 2953 gusti
643 2847 829 2926 Caesaris
855 2843 1020 2926 Domini
1048 2849 1180 2930 meia
1209 2845 1403 2934 Consiliis
1432 2845 1724 2929 sanctioribus.

560 2995 563 3002 '
615 2985 704 3090 (32¹)
733 2982 823 3064 Plus
852 3009 1000 3088 aequo,
1029 2983 1311 3072 utiurbitror,
1338 2983 1523 3064 homines
1551 2968 1700 3064 eruditi
1882 2989 2017 3072 Plora-

499 3149 586 3204 oere
614 3125 695 3202 suis
720 3147 793 3220 nort
818 3124 1030 3226 respondere
1047 3120 1223 3227 fauorem
1252 3121 1444 3224 Speratum
1475 3123 1617 3200 nieritis
1649 3121 1817 3221 (Horat.
1846 3127 1935 3204 Lib.
1964 3129 2016 3208 ΙΙ.

421 3349 425 3358 ,
503 3261 647 3372 Epist².
673 3263 719 3340 1².
745 3260 796 3339 ad
825 3261 1055 3364 Augustum
1084 3284 1121 3336 v.
1150 3283 1188 3359 9.
1222 3258 1331 3356 10.).
1359 3257 1551 3361 Namque
1579 3258 1689 3338 nefas
1716 3283 1778 3340 est
1816 3264 1913 3342 viris
1946 3265 2020 3344 do·

500 3401 582 3480 ctis
610 3420 671 3480 tot
699 3421 909 3504 tantasque
936 3397 1195 3501 antiquorum
1214 3397 1434 3474 sententias
1456 3395 1743 3484 intermittere,
1764 3423 1836 3478 aut
1863 3424 2017 3506 pertut-

500 3537 616 3628 bare,
642 3559 742 3642 quot
770 3537 968 3615 Horatius
1005 3533 1193 3619 Flaccus,
1220 3527 1839 3624 C.,velieius.1²erercu1us,‚c.
1866 3537 2017 3616 Corae·

501 3675 580 3756 lius
608 3675 802 3762 Tacitus,
831 3672 1043 3752 Suetonius
1072 3669 1337 3778 Tranquillus
1365 3692 1440 3752 etc.
1467 3670 1715 3775 amplissime
1743 3673 2015 3775 collegerunt,

497 3807 539 3891 et
567 3808 729 3919 po'e'rica
757 3807 1009 3888 rhetoricave
1037 3831 1122 3890 arte
1151 3808 1297 3894 mirum
1325 3810 1369 3887 in
1404 3806 1564 3886 modurn
1600 3805 1894 3889 exhilarantur.
1933 3814 2015 3918 Qui

496 3971 592 4028 raro
632 3950 758 4053 plora·
779 3944 1079 4026 desideraverit
1117 3945 1167 4028 de
1212 3944 1465 4026 nobilissimo
1501 3943 1580 4024 hoc
1622 3966 1856 4048 argumento
1896 3948 2016 4028 adeat

498 4085 754 4192 Opusculum
784 4083 938 4162 editum
968 4084 1145 4190 Neapoli
1173 4109 1280 4164 anno
1307 4079 1801 4170 M.DCC.LXXXlV‘⁰.·‚,
1830 4083 2016 4164 Memoria

423 4261 426 4268 ⁴
499 4280 525 4318 „
553 4223 649 4304 sulla
678 4221 804 4303 strada
827 4221 1020 4328 pubbliclre
1048 4220 1148 4301 della
1168 4221 1298 4303 Sicilia
1328 4222 1369 4302 di
1398 4220 1568 4302 Cermalo
1594 4221 1737 4300 Guerra
1757 4275 1783 4311 „
1810 4247 1902 4302 cum
1931 4221 2018 4324 epi-

499 4361 650 4467 graphe
679 4361 792 4440 Prius
821 4386 985 4441 estesse
1006 4389 1118 4470 quam
1139 4387 1218 4440 esse
1247 4359 1378 4442 talem.
1406 4357 1566 4438 idcirco
1603 4359 1644 4436 in
1684 4385 1752 4438 ore
1792 4359 2016 4440 Doctorum

442 4565 444 4570 .
495 4499 628 4601 (quae
658 4497 837 4576 nominis
866 4497 1013 4598 inclyti
1041 4501 1210 4602 antiqua
1238 4501 1323 4579 laus
1351 4489 1475 4572 hodie
1502 4493 1651 4576 saeculi
1683 4497 1786 4578 vitio
1829 4495 2018 4600 plebecu-

415 4635 419 4642 “
494 4633 577 4714 lam
606 4635 748 4729 sonat)
776 4655 836 4712 est
865 4631 965 4710 illud
1002 4631 1099 4713 olim
1128 4661 1152 4712 a
1180 4635 1313 4716 Persio
1350 4649 1489 4730 argute
1527 4631 1682 4712 dictum
1721 4632 1888 4735 (Satyra
1925 4629 2014 4710 Vl².

492 4785 533 4850 u.
563 4791 627 4876 52.
658 4769 722 4874 58.
752 4769 841 4872 59.)
870 4825 880 4845 .
909 4825 919 4844 .
948 4823 958 4846 .
989 4825 999 4846 .
1026 4823 1037 4845 .
1065 4802 1097 4846 .:
1126 4797 1258 4876 quaere
1285 4795 1333 4846 ex
1364 4789 1442 4854 me,
1471 4771 1555 4872 quis
1580 4767 1674 4849 milri
1697 4771 1926 4875 quartusSit
1941 4793 2014 4870 pa·

488 4932 565 4996 rer,
596 4905 700 4986 horrei
733 4931 921 5010 prompte,
961 4905 1085 4988 diram
1122 4931 1264 4992 tomen:
1298 4902 1392 4990 adae
1419 4906 1533 4986 eriam
1561 4931 1697 4998 unuin,
1722 4909 1845 4988 Unum
1874 4903 2011 4992 etlam,

484 5069 676 5126 terrorest
697 5039 915 5145 iomstlr'ut.
987 5087 990 5094 ·
1858 5035 1949 5146 (33)
