4506 6136
544 438 628 528 nod
1735 517 1742 532 ·

529 583 730 654 harmonicae
749 593 874 658 praeter
896 573 1077 644 circulum,
1096 573 1242 638 omnibus
1260 569 1359 636 etiam
1388 571 1581 636 conveniunt
1606 573 1809 644 Sectiooilrds
1838 585 1943 663 Cotti,
1974 611 2028 660 ω.

527 682 661 768 demque
693 683 911 764 Tangentium
943 678 1149 745 fundamento
1183 681 1382 754 innituntur,
1415 677 1680 759 quemadmodum
1713 686 1880 756 Elementa
1907 699 2027 769 com

526 797 660 858 docent.

494 899 558 980 (35)
578 896 710 976 Quum'
702 915 735 958 tn
755 893 813 958 hac
833 893 1068 958 constructione
1087 911 1187 962 cesset
1213 895 1359 976 Cylindri
1386 891 1615 970 consideratio,
1634 915 1737 980 neque
1764 905 1839 970 ideo
1865 909 1953 978 locus
1982 919 2027 984 sit

427 1131 431 1140 ι
506 1054 690 1118 Sinubus·
699 1052 795 1114 rectis
813 1051 1014 1130 obliquitatis
1032 1065 1092 1116 etc.
1113 1067 1151 1114 ut
1168 1051 1333 1116 vidimus
1325 1073 1358 1113 rn
1385 1053 1583 1115 Adnotasioae
1599 1065 1641 1132 32
1660 1029 1814 1128 „abest
1828 1069 1957 1130 omnino
1971 1089 2023 1151 pe·

530 1161 699 1224 siculum'
687 1161 862 1248 rmegiaarii
880 1159 1016 1232 valoris,
1033 1161 1090 1242 qui
1107 1177 1200 1239 saepe
1219 1159 1380 1224 Formulas
1398 1161 1421 1222 F
1425 1157 1624 1224 unctionibus
1643 1159 1766 1228 Citculi
1781 1165 1941 1234 mvolnres
1953 1193 2022 1254 per·

534 1271 665 1332 turbare
685 1269 783 1340 solet,
803 1287 974 1348 earumque
992 1268 1137 1330 nativum
1155 1283 1353 1346 progressum
1373 1263 1541 1329 cohibere.

493 1374 558 1456 (36)
579 1375 714 1440 Gemina
733 1375 811 1438 haec
830 1375 975 1454 Ellipsis,
1000 1393 1097 1456 quam
1113 1373 1149 1434 in
1169 1372 1346 1454 praesentia
1366 1371 1609 1474 consequimur,
1627 1371 1804 1458 diserteque
1824 1399 1951 1446 rursum
1982 1385 2016 1449 in

530 1511 575 1608 §⁰-
605 1517 678 1610 ςέο.
698 1533 738 1592 ab
757 1551 811 1592 ore
842 1528 1063 1601 Geometriae,
1094 1526 1338 1614 confirmatura
1357 1525 1478 1590 Calculi
1497 1503 1743 1605 oracuioin§⁰.
1772 1509 1848 1596 28'⁰.

492 1633 557 1716 (32)
576 1637 638 1714 Qui
668 1637 870 1698 Geometriae
902 1633 1087 1712 religionem
1121 1635 1240 1695 erroris
1269 1647 1405 1714 arguunt
1441 1632 1634 1710 aliquando,
1660 1655 1679 1694 a
1707 1655 1785 1718 pura
1813 1638 2018 1706 Geometriae

530 1739 674 1802 doctrina
692 1759 845 1820 perquam
868 1741 1002 1802 maxime
1027 1743 1190 1801 aberrant.
1214 1739 1362 1817 Exemplo
1385 1740 1427 1799 sit
1446 1738 1672 1824 ladioifibiiimn'
1698 1742 1862 1804 methodus
1889 1747 2017 1812 Cavale·

527 1845 638 1918 tiana,
659 1847 749 1908 cuius
767 1849 793 1908 si
811 1847 865 1926 qui
884 1845 1005 1908 fuerint
1020 1847 1143 1926 lapsus,
1164 1865 1226 1907 non
1247 1845 1343 1924 ipsius
1364 1843 1503 1906 methodi
1525 1847 1623 1922 vitio.
1644 1847 1698 1908 sed
1715 1827 2018 1916 Mathematicorum

530 1952 711 2030 imperitiae
730 1970 803 2014 sunt
820 1953 1034 2016 adscribendi.
1053 1953 1089 2016 ln
1112 1953 1178 2016 MS
1199 1950 1383 2012 Torricellii
1403 1951 1725 2030 Palatino(Notaqz.
1738 1953 1900 2030 laureum
1919 1975 2017 2021 exstat

529 2055 746 2136 opusculum,
764 2061 818 2120 cui
840 2059 995 2126 vivianus
1017 2059 1149 2128 titulum
1167 2057 1247 2124 fecit
1269 2059 1320 2126 De
1341 2055 1564 2135 iadiofflbilr‘em
1582 2062 1722 2124 doctriua
1734 2075 1844 2126 temere
1857 2085 1910 2126 ato
1930 2084 2016 2130 eset·

526 2166 645 2243 pende.

490 2314 555 2396 (38)
574 2319 773 2384 miscellanea
793 2319 987 2398 Berolinerpia
1007 2321 1040 2383 in
1057 2321 1228 2386 Volumina
1246 2319 1288 2414 If'.
1308 2305 1394 2401 pag'.
1417 2287 1524 2399 183³..
1545 2317 1684 2383 lolteesis
1703 2271 1861 2385 Bemoelli
1874 2325 1967 2403 Opere
1985 2323 2015 2386 in
2061 2291 2067 2300 Ι

525 2469 696 2538 valamine
715 2457 758 2538 1'0.
783 2446 899 2538 Numi.
912 2435 2015 2558 rxav11·.·txxvm0'.txx1x.0naxiuaapaaaaempagtna

522 2579 591 2658 448.
607 2624 616 2652 ,
634 2581 845 2644 commercium
866 2580 1104 2660 Philosophiam
1122 2598 1153 2645 et
1183 2583 1438 2650 Marmaricae
1458 2597 1515 2644 etc.
1537 2581 1689 2643 Leibnitii
1708 2603 1744 2643 ac
1762 2583 1935 2645 Bernoullii
1953 2583 2017 2644 edi·

509 2729 597 2798 '‘tum
616 2733 971 2798 anno'M.DCC.XLV⁰.
992 2729 1177 2800 Lausannae
1195 2753 1229 2800 et
1247 2721 1455 2800 Genevaead
1474 2705 1555 2798 Nm.
1576 2712 1767 2798 C.LXXV'⁰¹.
1789 2707 2013 2797 11³³.v01umi·

509 2884 600 2958 'nis,
618 2889 698 2952 Noui
716 2887 927 2951 commentarii
946 2887 1126 2951 Academiae
1144 2889 1345 2954 Scientierern
1364 2889 1600 2968 Petropolitonee
1617 2887 1651 2948 in
1666 2883 1838 2950 Volumine
1866 2858 1936 2950 11⁴⁰.
1950 2904 2008 2966 pto

533 3059 617 3104 anno
644 3029 917 3104 mosomum.
938 3030 1023 3120 pag&
1044 3027 1117 3120 24²⁸.
1137 3059 1171 3104 a
1197 3042 1245 3122 §a
1265 3031 1338 3122 44‘0.
1359 3043 1586 3108 ancorarum
1610 3011 1686 3104 tul.

489 3143 555 3225 (39)
573 3145 682 3207 Distat
699 3145 808 3224 itaque
828 3147 1006 3226 longissime
1026 3167 1045 3210 a
1064 3150 1201 3212 veritate
1221 3155 1323 3230 regule
1342 3151 1501 3230 practica,
1519 3171 1582 3228 qua
1600 3148 1712 3229 passim
1739 3158 1875 3208 utuntur
1903 3143 2015 3208 Archi·

514 3265 680 3316 ustorum
697 3249 839 3330 plerique
857 3251 891 3314 iri
910 3253 1060 3316 Osalium
1080 3257 1272 3320 Coniectum
1290 3257 1477 3336 'perimetros
1503 3251 1755 3316 determinandas
1765 3237 1777 3324 ’,’
1802 3267 1913 3332 utpote
1933 3271 2015 3331 quae

519 3357 607 3450 ipsas
635 3373 754 3452 statuat
784 3361 927 3438 aequales
959 3361 1171 3428 Circularibus
1202 3363 1474 3428 circumferentiis
1490 3405 1499 3432 ‚
1518 3379 1653 3438 quarum
1672 3357 1765 3422 Rodii
1784 3357 1904 3420 fuerint
1926 3359 2015 3420 medii

524 3461 726 3528 arithmetice
745 3468 994 3546 proportionales
1017 3467 1099 3530 inter
1118 3468 1274 3532 Semiaxos
1292 3471 1443 3532 Ovalium
1470 3467 1661 3538 earundem,
1685 3483 1742 3527 aut
1769 3463 1960 3527 Senriaxium
1980 3463 2015 3524 il·

522 3569 628 3634 lorum
647 3575 911 3652 peraequaverint
935 3575 1190 3638 semisummam.
1212 3575 1270 3636 Sed
1300 3575 1378 3638 haec
1403 3576 1534 3638 fortasse
1554 3571 1740 3644 subtiliora,
1759 3587 1795 3632 et
1817 3569 1911 3632 nimis
1941 3569 2015 3632 sale·

524 3676 617 3742 brusa
638 3679 826 3764 videbuntur
848 3681 1031 3758 vulgaribus
1050 3680 1269 3743 Geometricae
1286 3667 1436 3760 praxeos,
1455 3699 1492 3742 ac
1513 3679 1561 3740 rei
1579 3675 2013 3754 Aedificatoriaemagistris.

526 3781 697 3863 discipulos
732 3785 835 3850 adhuc
864 3785 976 3850 docete
1003 3789 1134 3852 assuetis
1159 3785 1374 3870 Peripheritm
1411 3785 1529 3850 Circuli
1568 3785 1682 3865 triplae
1712 3785 1879 3848 Diametro
1907 3799 2013 3864 parens

521 3907 610 3952 esse.

488 4041 554 4122 (40)
574 4045 771 4134 Bernoullias
794 4049 832 4112 1⁰.
857 4049 900 4113 e⁰.
929 4049 963 4114 in
988 4053 1187 4118 Adnotatione
1210 4043 1288 4132 38'².
1306 4045 1680 4116 Semicircumferentiam
1691 4045 1811 4110 Circuli
1829 4042 2011 4106 octifariaat

523 4167 649 4218 tantum
668 4155 863 4219 secando'ad
882 4159 1093 4224 Perimetrum
1120 4162 1273 4241 Ellipseos
1294 4157 1407 4230 datae,
1434 4158 1525 4219 cuius
1543 4159 1624 4221 Axes
1647 4155 1710 4216 sint
1738 4151 1836 4214 veluti
1865 4161 1883 4228 5
1908 4146 1948 4208 ad
1968 4159 2006 4222 4,

1849 4277 1862 4324 1

525 4316 604 4383 adro
628 4321 770 4401 proxime
791 4341 823 4384 se
844 4328 1006 4388 accessisse
1026 4327 1124 4390 fassus
1146 4344 1212 4398 est,
1236 4344 1273 4389 ut
1291 4347 1380 4390 error
1399 4325 1556 4390 fractione
1576 4316 1757 4383 tenuissima
1776 4345 1935 4432 Μ
1948 4309 2010 4370 mi·

525 4499 584 4542 nor
605 4483 720 4547 fauerit.
740 4487 906 4563 Quodnam
927 4493 1112 4554 celerrimae
1132 4491 1446 4573 adpropinquationis
1466 4485 1654 4552 miraculum
1669 4481 1746 4546 duto
1763 4499 1784 4542 u
1812 4474 2011 4538 octonarium

448 4597 455 4612 ‘
525 4585 711 4648 divisionem
731 4597 988 4670 exsuperaverit?

486 4687 549 4767 (41)
571 4691 737 4754 Punctum
745 4699 882 4768 etenim.
903 4721 1003 4780 aquo
1032 4720 1136 4766 rectae
1166 4705 1363 4767 excentricae
1390 4715 1559 4772 emanant,
1577 4717 1640 4760 non
1660 4689 1797 4767 modo
1789 4709 1820 4752 tn
1845 4686 2010 4750 Diametro

522 4797 643 4858 Circuli
663 4798 735 4881 (ut
746 4804 867 4880 placuit
885 4810 1147 4902 Bougainvillio
1137 4833 1170 4872 rn
1191 4811 1302 4888 Capite
1323 4808 1394 4869 1v0.
1416 4804 1674 4870 introductionis
1666 4821 1700 4863 rn
1727 4796 1848 4861 Calculi
1870 4793 2011 4868 Integra·

522 4901 560 4965 lis
586 4903 824 4982 Tractatum),
849 4931 961 4974 verum
985 4914 1083 4974 etiam
1105 4916 1138 4974 in
1162 4914 1368 4994 productione
1392 4899 1550 4978 Diametri
1571 4905 1723 4970 collocari
1746 4916 1868 4984 po.test
1891 4897 1940 4960 Ito
1963 4908 2010 4956 est

1938 4999 1972 5062 iu
