4566 6152
1683 502 1734 592 τε

370 641 426 692 ιι.
460 619 529 692 Sed
567 621 684 694 etiam
714 613 928 692 rectilicario
958 613 1169 706 cycloidum
1199 637 1444 697 contractarum
1474 642 1518 701 er
1545 640 1796 714 protractam

270 739 286 830 (
296 765 337 814 oe
362 747 478 820 dicam
502 749 548 818 de
567 744 809 816 omnimodisa
828 743 969 818 Circulo
985 747 1115 838 genitis
1133 748 1417 839 Epicycloidibus
1430 771 1495 826 atto
1513 751 1794 842 Hypocycloidi·

269 869 334 942 hus
360 877 463 945 iuxta
489 869 713 966 Hdpitaliunn
729 893 797 962 ope
819 869 981 942 eiusdem
1004 873 1146 944 Pascalii
1170 875 1355 948 doctrinae
1380 873 1671 964 notificandit),
1693 897 1795 974 quat

267 1005 504 1091 praecipuum
528 1023 604 1072 erat
627 1001 769 1072 Pascalii
799 999 1050 1072 Theorematis
1070 1021 1345 1092 argumentum,
1359 1005 1693 1096 eumquetobtidio
1709 1004 1789 1079 cal-

270 1127 367 1212 culi,
403 1124 509 1196 hodie
536 1125 715 1218 deperditi
749 1125 854 1220 (43),
885 1128 1152 1200 adlaborantem
1186 1127 1500 1214 valdeaottnnttc
1522 1134 1609 1204 mira
1634 1131 1793 1227 quadani

268 1247 441 1322 facilitate
482 1253 627 1326 restitui
660 1257 826 1346 poterit.
859 1257 952 1328 Tota
987 1278 1043 1326 res
1082 1254 1216 1348 pendet
1250 1280 1273 1328 a
1306 1257 1551 1354 Tangentium·
1585 1259 1795 1349 Cycloidum

268 1380 425 1464 omnium
454 1377 634 1462 theorice,
661 1405 769 1476 quant
796 1404 867 1476 ego
888 1383 935 1454 ab
957 1385 1063 1458 unius
1086 1385 1218 1458 Lineae
1243 1404 1367 1458 tectae
1398 1381 1650 1461 affectionibus
1677 1383 1796 1460 dedu·

263 1525 357 1578 tram
382 1506 420 1576 in
445 1504 665 1580 Adversariis
690 1511 774 1590 noeis
798 1511 885 1580 olim
909 1515 1052 1604 reposui
1074 1511 1178 1603 (44)r
1192 1531 1234 1587 et
1249 1535 1344 1584 nunc
1362 1514 1511 1606 pulnere
1527 1533 1680 1588 excussu
1694 1533 1791 1586 tran·

261 1633 375 1704 scribo
402 1631 586 1708 fideliter.
610 1637 920 1727 Hemicycloidem
954 1641 1157 1734 primariam
1190 1645 1285 1714 ABG
1312 1637 1435 1732 (ligo
1460 1644 1546 1732 ro.)
1568 1640 1717 1714 relatam
1740 1638 1790 1712 ad

257 1760 590 1854 Semiperipheriam
619 1767 795 1858 genitoris
824 1770 924 1840 GEB'
950 1790 1067 1840 omnes
1102 1787 1236 1838 norunt
1266 1767 1386 1838 vicem
1416 1789 1544 1860 gerere
1564 1766 1792 1860 aequicruris

261 1887 451 1984 Trianguli
476 1893 674 1964 rectilinei.
698 1895 868 1988 Tangens
889 1895 1008 1988 igitur
1026 1893 1075 1970 ad
1097 1896 1276 1988 punctum
1298 1901 1336 1965 Ι)
1358 1893 1397 1968 in
1420 1913 1595 1986 tangente
1613 1889 1788 1986 genitoris

257 2015 326 2085 EF
356 2039 587 2092 trecesseesr
622 2041 668 2094 ut
702 2021 885 2097 abscindat
916 2027 1154 2104 tit-:an
1181 2039 1409 2118 quapropter
1438 2021 1791 2137 ³⁰3⁰¹⁰⁹FDEf²²

255 2133 559 2298 f--Ezl-Eloelildil,
580 2206 623 2258 er
645 2205 794 2282 tangens
815 2187 900 2261 ideo
921 2191 994 2260 DF
1008 2187 1175 2282 parallelo
1195 2187 1353 2264 chordae
1368 2186 1536 2282 genitoris
1553 2187 1631 2257 ΕΒ·
1652 2181 1789 2256 E0d⁸¹²¹

258 2346 367 2414 modo
399 2349 440 2414 in
474 2349 706 2434 Cycloidihus
736 2349 955 2422 secundariis
983 2313 1223 2438 Hemicyclois
1246 2351 1291 2422 ad
1317 2345 1650 2442 Semiperipheriam
1673 2323 1811 2424 relata¹

261 2465 512 2562 genitoris'sui
535 2491 779 2565 repraesentat
800 2471 1043 2564 Triangulum
1065 2472 1248 2540 scalenum
1270 2473 1388 2560 specie
1410 2472 1555 2539 datum.
1580 2475 1688 2562 Quae
1710 2491 1790 2560 spe·

255 2565 331 2662 cies
353 2613 397 2659 eo
422 2611 495 2669 est,
515 2611 558 2660 ut
582 2598 622 2657 in
644 2613 819 2658 contram
840 2597 853 2672 (
866 2597 962 2681 Figt.
987 2598 1070 2684 ιι.)
1091 2598 1141 2666 sit
1161 2593 1233 2666 DE
1251 2593 1298 2664 ad
1321 2597 1387 2664 ΕΒ
1407 2591 1608 2686 iteratione
1629 2613 1792 2666 constan·

255 2735 295 2785 te
320 2715 459 2785 minoris
484 2691 752 2806 inaequalitatis
776 2713 898 2782 Baseos
919 2718 986 2784 Ac
1003 2711 1049 2781 ad
1082 2713 1327 2817 Peripheriam
1359 2717 1533 2809 genitoris·
1561 2721 1711 2796 BEGH‚
1748 2741 1787 2792 et

180 2891 183 2898 -
252 2845 290 2916 in
315 2861 494 2934 protracta
513 2842 631 2937 (Εἰς.
661 2841 741 2928 ta.)
766 2841 805 2910 in
826 2841 968 2912 ratione
990 2843 1129 2933 pariter
1149 2859 1357 2924 constante,
1377 2841 1437 2914 sed
1460 2845 1601 2916 maioris
1615 2848 1790 2941 inaequa-

252 2972 386 3044 litatis.
415 2970 456 3042 In
481 2989 641 3062 utraque
665 2969 782 3062 igitur
801 2970 923 3042 Curta
948 2967 1189 3064 ‘i'riangol'uat
1213 2969 1436 3060 Targeotitle
1460 2975 1568 3043 ΒΕΓ
1581 2973 1695 3061 spetr'r
1725 2975 1787 3046 da·

252 3119 334 3171 coto
358 3100 450 3175 erit.
473 3096 573 3190 quod
598 3095 681 3168 fieri
705 3099 835 3192 nequit
859 3100 924 3172 nisi
947 3121 1027 3192 part
1049 3101 1117 3170 EF
1135 3099 1310 3190 tangentis
1334 3097 1472 3170 circuli
1501 3101 1673 3192 genitoris
1693 3124 1783 3174 sem·

254 3247 319 3320 per
350 3225 531 3320 adaequet
563 3225 837 3320 respondentem
867 3249 992 3300 arcum
1023 3229 1112 3306 ΒΕ.
1143 3247 1189 3298 ur
1222 3225 1262 3296 in
1284 3225 1455 3314 Cyel'oide
1479 3217 1660 3302 communi
1683 3229 1784 3325 (45).

253 3354 382 3428 Dicito
407 3358 537 3448 iraque
559 3377 645 3428 arcu
671 3357 837 3451 quolibet
860 3357 1029 3451 genitoris
1054 3357 1156 3426 ΕΒΗ
1161 3402 1174 3446 4
1191 3350 1466 3423 determinatoa
1493 3353 1666 3444 producta
1684 3379 1783 3446 recta

253 3489 324 3559 DE
334 3534 343 3563 .
377 3485 416 3553 in
448 3503 585 3574 puncto
615 3489 656 3568 1,
689 3482 789 3580 quod
812 3486 863 3555 ita
898 3507 982 3557 eum
1006 3503 1122 3574 secet,
1151 3501 1192 3552 or
1214 3479 1356 3550 Chorda
1381 3482 1442 3550 Et
1457 3479 1501 3550 od
1525 3479 1699 3552 chordam
1726 3487 1787 3552 IH

252 3616 298 3684 tit
324 3614 361 3682 in
386 3611 445 3680 illa
472 3611 610 3680 tatione
633 3633 815 3684 constante
838 3613 899 3682 vel
926 3613 1067 3684 minoris
1094 3609 1153 3678 vel
1178 3607 1316 3680 maioris
1342 3607 1793 3702 inaequalitatis.eritE1⁴

172 3715 184 3732 ’
254 3737 420 3833 parallela
460 3735 624 3828 satagenti
661 3741 744 3814 DF,
779 3763 895 3834 quum
929 3741 1058 3812 similia
1083 3735 1241 3833 evadant
1264 3737 1461 3831 Trianguia
1486 3737 1715 3818 nomm
1733 3755 1780 3808 ex

243 3863 426 3937 OEucl'ide·
462 3862 569 3954 Quod
609 3885 782 3958 punctum
816 3872 840 3936 1
866 3853 935 3940 non
967 3873 1064 3940 idem
1087 3890 1253 3950 manens,
1275 3865 1338 3936 sed·
1363 3886 1541 3960 perpetuu
1564 3865 1694 3936 mobile
1718 3885 1785 3958 pro

253 3991 418 4088 qualibet
442 3993 526 4072 DE,
555 4010 593 4061 et
617 3987 792 4088 facillime,
810 3991 1069 4080 determinatur
1092 4021 1138 4070 ex
1159 3997 1377 4090 ‘Elementim
1399 4013 1437 4063 et
1459 3995 1498 4062 in
1511 3991 1678 4062 vicariurn
1694 4011 1783 4082 pun·

251 4141 350 4194 ctum
376 4117 491 4192 fixum
516 4119 745 4190 convertitur
766 4141 941 4214 sequente
965 4125 1088 4195 modo.
1113 4125 1192 4196 Fiat
1217 4119 1355 4192 Radius
1377 4117 1548 4208 genitoris
1564 4121 1627 4186 OG
1642 4113 1781 4194 anolo.
1828 4159 1833 4166 ·

249 4273 294 4322 ur
318 4221 499 4321 Genitoris
523 4243 811 4319 circumferentia
837 4248 884 4320 ad
909 4249 1018 4322 Barim
1041 4249 1220 4338 cycloidis
1250 4259 1444 4314 contractae
1462 4261 1532 4312 -setr
1564 4253 1781 4330 protractae,

252 4375 449 4474 iunctique
473 4375 558 4458 ΚΕ,
581 4395 620 4448 et
646 4375 690 4448 td
715 4378 817 4450 isram
840 4377 971 4450 educta
999 4378 1146 4450 normali
1170 4377 1241 4448 EI.
1267 4371 1358 4442 haec
1381 4369 1524 4441 dividet
1540 4389 1662 4440 arcum
1680 4369 1786 4444 ΕΒΗ

252 4513 291 4583 in
327 4531 461 4602 puncto
491 4511 678 4608 quaesito,
701 4507 774 4591 ita,
800 4507 986 4594 nimirum,
1010 4528 1056 4578 ut
1089 4505 1135 4576 sit
1158 4491 1624 4590 21:131101ttont46).
1648 4491 1778 4571 Eidem

249 4660 340 4732 ergo
363 4637 468 4730 lege,
490 4661 561 4731 qua
586 4641 623 4710 in
647 4638 812 4732 primaria
837 4637 1006 4726 Cycloide
1029 4629 1168 4706 Chorda
1195 4631 1283 4710 nt,
1306 4629 1351 4700 ab
1373 4647 1537 4702 extremo
1551 4623 1781 4702 Aaitducra,

253 4785 306 4836 est
331 4741 471 4857 semper
494 4761 791 4854 perpendicularis
816 4762 998 4856 Tangenri
1022 4767 1108 4842 DF,
1132 4783 1200 4832 non
1234 4757 1453 4851 dissimiliter
1482 4757 1517 4826 io
1550 4749 1778 4850 cycloidibu't

251 4889 470 4966 secundariis
491 4909 590 4965 recta
615 4891 700 4973 ΚΕ,
724 4911 743 4962 ι
769 4909 909 4986 puncto
931 4891 1103 4966 immobili
1128 4889 1236 4973 Axis,
1270 4885 1328 4959 vei
1354 4887 1432 4960 eius
1456 4873 1721 4977 protractionis,
1745 4867 1779 4938 1(

401 5031 404 5038 '
1585 5016 1728 5078 emissa,
