4566 6152
543 453 573 528 4

481 591 594 665 quum
612 561 747 638 iamdiu
770 558 988 633 notissimum
1012 551 1126 630 fuerit
1150 576 1196 626 ex
1220 552 1350 624 Sereno
1374 547 1567 622 Autissensi
1592 543 1664 644 (ql
1694 547 1902 641 cylindrum
1937 553 2005 628 cir·

482 697 638 766 eularem
664 697 829 765 scalenum
853 713 872 759 a
900 687 1004 782 plano
1030 704 1167 754 sectum
1196 680 1364 788 lateribus
1387 699 1425 750 et
1450 679 1508 748 axi
1533 675 1805 774 quomodolibet
1818 703 2007 754 occurren·

483 844 542 902 te,
568 823 724 914 ideoque
750 816 857 888 etad
884 835 1037 884 normam
1064 810 1199 902 posito.
1225 807 1368 899 Ellipsin
1394 807 1664 900 Apollonianam
1689 807 1937 904 suppeditare.

580 953 620 1020 ln
646 973 690 1019 eo
715 968 831 1020 tamen
856 935 1026 1012 Krafftius
1052 937 1187 1010 erravit
1212 937 1310 1032 quod
1337 939 1431 1008 inter
1455 937 1642 1030 superioris
1667 940 1756 1010 'aevi
1782 938 2007 1021 Geometras,

482 1079 546 1174 qui
574 1101 641 1148 non
665 1069 986 1148 animadverterint
1011 1067 1256 1160 cognationem
1282 1061 1492 1158 Supetficiei
1529 1061 1688 1155 Cylindri
1713 1068 1838 1141 stakni
1861 1087 1899 1140 et
1924 1067 2007 1138 Elli-

480 1229 575 1298 pseos
601 1207 744 1277 tonicae
770 1197 978 1296 perimetri‚
1002 1217 1067 1266 nec
1092 1215 1204 1267 unum
1230 1191 1424 1265 Pascalium
1444 1195 1627 1288 exceperit
1646 1189 1738 1286 (8).
1756 1199 1888 1272 Iniuria
1907 1197 2008 1296 eqni·

479 1335 712 1428 dem‚quum
738 1333 774 1400 in
800 1327 952 1422 Epistola
978 1323 1042 1397 sub
1060 1319 1149 1394 ficto
1173 1325 1312 1393 nomine
1339 1321 1567 1394 Dettonvillii
1586 1323 1632 1394 ad
1661 1325 1903 1406 Christianum
1927 1333 2009 1404 Hu-

479 1464 624 1556 genium
650 1463 716 1554 (9)
741 1459 787 1532 de
810 1459 1077 1550 omnigenarum
1101 1451 1335 1543 Cycloidum.
1361 1475 1457 1547 quae
1481 1480 1500 1526 a
1527 1455 1660 1527 Circuli
1694 1457 1921 1530 revolutione
1948 1481 2008 1530 na·

481 1610 644 1672 scantur,
670 1589 868 1684 perimetris
892 1607 1017 1684 agens,
1044 1603 1166 1656 earum
1193 1573 1393 1656 non‘modo
1416 1583 1687 1666 dimensionem.
1706 1585 1765 1655 vel
1785 1605 2003 1678 protractae.

481 1720 541 1788 vel
569 1741 772 1792 contractae
798 1717 941 1798 forent,
974 1741 994 1789 a
1031 1710 1228 1806 superficie
1262 1711 1422 1800 Cylindri
1448 1713 1586 1808 obliqui
1610 1712 1853 1802 derivaveru,
1879 1737 2006 1788 verum

480 1868 601 1918 autem
627 1846 822 1918 ostenderit
846 1846 1062 1940 apertissime
1087 1841 1230 1914 cuinam
1256 1841 1420 1933 Ellipseos
1445 1841 1549 1914 datae
1566 1843 1664 1922 arcui
1680 1843 1899 1934 Cycloidales
1914 1848 2006 1938 ipsae

477 1976 679 2068 perimetri,
698 1994 763 2046 aut
781 1975 921 2046 illarum
946 1991 1186 2066 quaecunque
1212 1987 1348 2061 partes,
1374 1971 1442 2044 sint
1467 1970 1689 2063 longitudine
1714 1973 1883 2068 aequales
1907 1971 2005 2059 (ιο).

479 2099 580 2198 Quin
615 2102 721 2172 etiam
762 2101 798 2171 in
834 2097 957 2174 eidem
984 2097 1136 2192 Epistola
1163 2097 1337 2169 Pascalius
1362 2102 1500 2170 monuit
1526 2099 1609 2170 ideo
1631 2103 1863 2192 perimecrum
1895 2102 2006 2172 Semi·

473 2227 648 2318 'cycloidis
676 2229 859 2321 primariae
885 2228 962 2316 (rr)
989 2249 1108 2322 parem
1134 2247 1205 2297 esse
1231 2228 1331 2298 iuxta
1365 2227 1658 2322 Christophorum
1686 2231 1889 2298 Wrcnnum
1925 2232 2006 2318 (ra)

369 2364 374 2377 ’
478 2358 591 2450 duplo
615 2356 777 2431 diametri
806 2359 936 2428 circuli
962 2359 1157 2451 genitoris.
1176 2356 1262 2452 quia
1290 2357 1423 2451 Ellipsis
1450 2357 1531 2436 llla.
1558 2378 1634 2430 tum
1659 2376 1896 2430 evanescente
1922 2356 2005 2426 Axe

444 2475 448 2486 “
476 2487 692 2578 coniugato,
716 2508 751 2556 se
777 2507 895 2558 vertat
920 2485 1127 2562 adamussim
1152 2485 1189 2560 iu
1215 2485 1365 2585 duplam
1391 2488 1511 2562 Areos
1536 2490 1749 2573 transversi,
1774 2483 1934 2581 aequalis
1958 2501 2005 2552 ea

476 2635 560 2686 casu
588 2613 761 2686 diametro
787 2619 1025 2708 generatoris,
1056 2629 1060 2640 ’

480 2781 483 2788 -
571 2741 650 2812 l-loc
676 2741 815 2810 dietum
839 2739 884 2805 sit
910 2757 978 2804 non
1003 2751 1045 2803 ut
1070 2727 1257 2801 Kraffrium
1283 2731 1361 2823 plus
1386 2749 1507 2824 aequo
1529 2723 1761 2824 redarguam,
1789 2753 1855 2802 nec
1889 2755 2005 2808 novae

475 2869 686 2964 particulam
720 2865 836 2940 laudis
870 2857 1041 2934 accedere
1078 2876 1240 2928 censeam
1274 2857 1452 2936 Pascalio,
1477 2856 1523 2928 de
1543 2861 1639 2928 omni
1666 2881 1704 2930 te
1730 2859 1903 2931 litteraria
1931 2880 2005 2934 tam

469 2999 610 3092 optime
638 2997 785 3074 merito,
812 3011 857 3064 ut
881 2990 1020 3060 nullum
1045 2987 1079 3054 ei
1105 3007 1168 3078 pat
1191 2985 1350 3078 elogium
1377 2985 1476 3078 (13),
1502 2983 1561 3056 sed
1585 2985 1630 3058 ad
1657 2985 1886 3080 supplendam
1924 3007 2005 3060 tan·

473 3123 660 3197 tummodo
684 3121 875 3194 Historiam
898 3115 1148 3186 Matlemaram
1170 3135 1192 3182 a
1218 3112 1406 3184 Montucla
1434 3113 1599 3185 traditam
1625 3115 1689 3188 ubi
1715 3136 1907 3186 memorans
1940 3115 2002 3198 Ρι-

474 3254 570 3328 scalii
596 3253 783 3322 inventum
808 3245 853 3315 de
880 3241 1087 3333 Cycloidum
1113 3239 1382 3312 secundariorum
1405 3241 1665 3315 rectificatione
1689 3243 1830 3314 silentio
1862 3263 2003 3336 praete·

472 3386 521 3458 rit
545 3381 747 3453 Theorema
772 3369 1086 3468 ingeniosissimum
1111 3369 1330 3450 universale,
1353 3394 1374 3442 a
1398 3392 1473 3463 quo
1498 3372 1570 3464 ipsa
1594 3371 1772 3451 dimanet.
1807 3390 1846 3441 et
1871 3371 2001 3460 Super·

470 3511 590 3585 ficiem
614 3501 775 3596 Cylindri
799 3479 924 3572 scaleni
947 3499 1046 3591 (1'4).
1079 3497 1189 3602 Quod.
1209 3499 1388 3572 silentium
1415 3521 1550 3594 quanta
1581 3503 1683 3574 venia
1709 3501 1856 3592 dignum
1882 3498 2002 3568 existi·

470 3659 617 3714 massem
643 3636 670 3704 si
696 3629 858 3722 quaestio
882 3645 1091 3698 moveretur
1114 3625 1159 3696 de
1185 3627 1307 3698 omissa
1333 3653 1352 3698 t
1381 3629 1568 3702 Montucla
1594 3632 1687 3702 inter
1711 3626 1927 3698 Robesvallii
1946 3645 2002 3696 re·

469 3787 571 3860 perta
597 3753 806 3850 superficiei
831 3755 919 3826 Coni
944 3754 1069 3827 scaleni
1088 3775 1248 3826 mensura
1267 3754 1369 3848 (15),
1386 3780 1500 3850 quum
1524 3757 1710 3851 deperdita
1736 3755 1869 3833 fuerit,
1895 3773 1933 3824 et
1958 3749 2002 3822 fi-

470 3891 529 3960 dei
555 3887 667 3956 solum
692 3883 847 3954 auctorit
873 3883 1075 3976 consignata
1094 3879 1231 3954 fatente
1251 3884 1429 3956 Leibnitio
1448 3884 1546 3975 (16),
1565 3908 1665 3958 tanto
1684 3885 1790 3972 magis
1808 3881 2000 3986 reprehen·
2100 3893 2104 3899 “

469 4013 626 4088 (lendum
652 4033 776 4106 putem
809 4012 845 4082 in
881 4013 1058 4104 Scriptore
1084 4011 1252 4082 historico
1291 4011 1376 4086 dum
1403 4014 1563 4106 loquitur
1587 4011 1631 4102 de
1659 4006 1899 4078 Theoretnate
1930 3997 1999 4078 ra·

473 4145 571 4216 scalii
599 4142 728 4214 insulas
754 4141 987 4220 Britannicas,
1011 4139 1208 4221 Leodium,
1232 4161 1343 4234 atque
1368 4141 1451 4212 alibi
1482 4142 1602 4214 misso,
1636 4155 1673 4206 et
1698 4158 1717 4204 a
1743 4133 1998 4214 Robervallio,

474 4269 583 4343 Petro
607 4269 803 4347 Fermatio,
829 4291 870 4340 ac
896 4269 1038 4339 Renato
1063 4261 1246 4340 francisco
1269 4271 1403 4351 Slusio,
1429 4265 1625 4338 Geometris
1651 4263 1745 4334 illius
1769 4263 1896 4334 aetatis
1918 4279 1995 4332 eru·

471 4397 664 4477 ditissimis.
683 4398 826 4468 labente
843 4421 935 4468 anno
954 4397 1218 4468 mucuvrrt.
1236 4421 1359 4494 magna
1379 4417 1462 4467 cum
1482 4390 1712 4462 admiratione
1733 4411 1878 4482 recepta
1894 4386 1997 4479 (πῖ).

476 4559 479 4566 ·
539 4497 541 4502 ι
573 4523 762 4618 Quidquid
788 4545 908 4595 autem
934 4519 1045 4596 fuerit
1069 4523 1114 4593 de
1142 4526 1253 4598 minus
1279 4549 1382 4604 nota.
1410 4540 1472 4592 flut
1499 4518 1659 4612 neglecta
1688 4519 1832 4590 Pascelli
1865 4513 1996 4584 doctri·

473 4673 518 4724 na
553 4651 589 4722 iu
632 4669 842 4747 argumento
874 4649 1125 4745 pertractando
1158 4643 1365 4742 Cycloidum
1405 4645 1715 4725 omnimodarum·
1759 4667 1838 4716 eam
1875 4641 1996 4714 multu

471 4779 599 4854 abhinc
625 4783 722 4852 annis
748 4803 832 4873 prae
857 4779 969 4850 oculis
995 4779 1127 4852 habens
1154 4787 1274 4856 statim
1300 4777 1450 4868 cognovi
1477 4772 1609 4846 fontem
1630 4795 1701 4850 esse
1720 4774 1995 4866 geometricum,

468 4933 488 4981 a
514 4933 587 5004 quo
611 4931 735 5006 sponte
761 4907 876 4983 fluant
900 4911 1114 5008 integralia,
1140 4935 1236 5006 quae
1263 4905 1309 4979 ad
1332 4901 1626 4978 testificationem
1654 4905 1818 4995 Ellipseos
1842 4917 1881 4966 et
1915 4895 1994 4981 Hy·

1604 5027 1605 5034 ’
1781 5019 1954 5128 ροτδοῑαε,
