<?xml version="1.0" encoding="UTF-8"?>
<!DOCTYPE html PUBLIC "-//W3C//DTD XHTML 1.0 Transitional//EN"
    "http://www.w3.org/TR/xhtml1/DTD/xhtml1-transitional.dtd">
<html xmlns="http://www.w3.org/1999/xhtml" xml:lang="en" lang="en">
 <head>
  <title>
</title>
<meta http-equiv="Content-Type" content="text/html;charset=utf-8" />
  <meta name='ocr-system' content='tesseract 3.04.00' />
  <meta name='ocr-capabilities' content='ocr_page ocr_carea ocr_par ocr_line ocrx_word'/>
</head>
<body>
  <div class='ocr_page' id='page_1' title='image "./decalcvlointegr00ferrgoog_0211.png"; bbox 0 0 4506 6136; ppageno 0'>
   <div class='ocr_carea' id='block_1_1' title="bbox 501 282 2059 1748">
    <p class='ocr_par' dir='ltr' id='par_1_1' title="bbox 501 282 2059 1748">
     <span class='ocr_line' id='line_1_1' title="bbox 801 282 810 312; baseline 0 0"><span class='ocrx_word' id='word_1_1' title='bbox 801 282 810 312; x_wconf 61' lang='lat' dir='ltr'>t</span> 
     </span>
     <span class='ocr_line' id='line_1_2' title="bbox 574 356 810 456; baseline 0 -13"><span class='ocrx_word' id='word_1_2' title='bbox 574 356 653 444; x_wconf 85' lang='lat'>160</span> <span class='ocrx_word' id='word_1_3' title='bbox 806 449 810 456; x_wconf 72' lang='grc'>,</span> 
     </span>
     <span class='ocr_line' id='line_1_3' title="bbox 501 491 2059 596; baseline 0.009 -33"><span class='ocrx_word' id='word_1_4' title='bbox 501 517 617 576; x_wconf 64' lang='lat' dir='ltr'>meter</span> <span class='ocrx_word' id='word_1_5' title='bbox 644 501 1061 581; x_wconf 66' lang='lat' dir='ltr'>ssvzb&lt;BA==n‚</span> <span class='ocrx_word' id='word_1_6' title='bbox 1088 496 1146 567; x_wconf 91' lang='lat' dir='ltr'>vel</span> <span class='ocrx_word' id='word_1_7' title='bbox 1173 495 1359 588; x_wconf 78' lang='lat' dir='ltr'>inscriptae</span> <span class='ocrx_word' id='word_1_8' title='bbox 1386 497 1420 564; x_wconf 82' lang='lat' dir='ltr'>in</span> <span class='ocrx_word' id='word_1_9' title='bbox 1447 493 1666 588; x_wconf 82' lang='lat' dir='ltr'>aequilatera</span> <span class='ocrx_word' id='word_1_10' title='bbox 1695 491 1833 570; x_wconf 81' lang='lat' dir='ltr'>fuerint</span> <span class='ocrx_word' id='word_1_11' title='bbox 1859 499 1946 576; x_wconf 89' lang='lat' dir='ltr'>dum</span> <span class='ocrx_word' id='word_1_12' title='bbox 1983 511 2059 596; x_wconf 30' lang='lat' dir='ltr'>Pr·-</span> 
     </span>
     <span class='ocr_line' id='line_1_4' title="bbox 505 623 2045 716; baseline 0.012 -25"><span class='ocrx_word' id='word_1_13' title='bbox 505 653 660 704; x_wconf 67' lang='lat' dir='ltr'>rameter</span> <span class='ocrx_word' id='word_1_14' title='bbox 686 637 745 702; x_wconf 80' lang='grc' dir='ltr'>ΒΔ</span> <span class='ocrx_word' id='word_1_15' title='bbox 758 655 816 692; x_wconf 73' lang='lat' dir='ltr'>z:</span> <span class='ocrx_word' id='word_1_16' title='bbox 828 628 847 695; x_wconf 81' lang='lat' dir='ltr'>b</span> <span class='ocrx_word' id='word_1_17' title='bbox 859 641 905 703; x_wconf 89' lang='lat'>&gt;</span> <span class='ocrx_word' id='word_1_18' title='bbox 919 635 979 698; x_wconf 85' lang='grc' dir='ltr'>ΒΑ</span> <span class='ocrx_word' id='word_1_19' title='bbox 990 651 1103 707; x_wconf 71' lang='lat' dir='ltr'>zze,</span> <span class='ocrx_word' id='word_1_20' title='bbox 1129 623 1249 695; x_wconf 86' lang='lat' dir='ltr'>iisdem</span> <span class='ocrx_word' id='word_1_21' title='bbox 1276 623 1447 716; x_wconf 81' lang='lat' dir='ltr'>parallelis</span> <span class='ocrx_word' id='word_1_22' title='bbox 1472 627 1675 716; x_wconf 81' lang='lat' dir='ltr'>asymptotis</span> <span class='ocrx_word' id='word_1_23' title='bbox 1697 629 1782 697; x_wconf 88' lang='grc' dir='ltr'>ΠΖ</span> <span class='ocrx_word' id='word_1_24' title='bbox 1794 677 1803 709; x_wconf 89' lang='grc'><strong><em>,</em></strong></span> <span class='ocrx_word' id='word_1_25' title='bbox 1817 635 1920 704; x_wconf 82' lang='lat' dir='ltr'>XHV</span> <span class='ocrx_word' id='word_1_26' title='bbox 1942 639 2045 709; x_wconf 83' lang='lat' dir='ltr'>strin-</span> 
     </span>
     <span class='ocr_line' id='line_1_5' title="bbox 503 749 2044 853; baseline 0.006 -25"><span class='ocrx_word' id='word_1_27' title='bbox 503 764 603 853; x_wconf 84' lang='lat' dir='ltr'>gitur</span> <span class='ocrx_word' id='word_1_28' title='bbox 630 760 792 829; x_wconf 83' lang='lat' dir='ltr'>universa</span> <span class='ocrx_word' id='word_1_29' title='bbox 821 757 907 824; x_wconf 90' lang='lat' dir='ltr'>haec</span> <span class='ocrx_word' id='word_1_30' title='bbox 932 758 1128 826; x_wconf 82' lang='lat' dir='ltr'>Currarum</span> <span class='ocrx_word' id='word_1_31' title='bbox 1156 754 1417 823; x_wconf 89' lang='lat' dir='ltr'>innumerarum</span> <span class='ocrx_word' id='word_1_32' title='bbox 1444 749 1594 833; x_wconf 83' lang='lat' dir='ltr'>familia,</span> <span class='ocrx_word' id='word_1_33' title='bbox 1612 753 1703 824; x_wconf 90' lang='lat' dir='ltr'>adeo</span> <span class='ocrx_word' id='word_1_34' title='bbox 1722 777 1765 826; x_wconf 89' lang='lat' dir='ltr'>ut</span> <span class='ocrx_word' id='word_1_35' title='bbox 1789 779 1827 830; x_wconf 91' lang='lat' dir='ltr'>et</span> <span class='ocrx_word' id='word_1_36' title='bbox 1849 769 2044 839; x_wconf 85' lang='lat' dir='ltr'>communi·</span> 
     </span>
     <span class='ocr_line' id='line_1_6' title="bbox 505 861 2042 986; baseline -0.005 -28"><span class='ocrx_word' id='word_1_37' title='bbox 505 890 569 958; x_wconf 86' lang='lat' dir='ltr'>bus</span> <span class='ocrx_word' id='word_1_38' title='bbox 599 885 806 976; x_wconf 87' lang='lat' dir='ltr'>asymptotis</span> <span class='ocrx_word' id='word_1_39' title='bbox 842 861 1040 976; x_wconf 73' lang='lat' dir='ltr'>gaddanae,</span> <span class='ocrx_word' id='word_1_40' title='bbox 1067 889 1104 954; x_wconf 78' lang='lat' dir='ltr'>e&#39;t</span> <span class='ocrx_word' id='word_1_41' title='bbox 1129 883 1381 973; x_wconf 85' lang='lat' dir='ltr'>asymptotitae</span> <span class='ocrx_word' id='word_1_42' title='bbox 1406 880 1475 950; x_wconf 88' lang='lat' dir='ltr'>sint</span> <span class='ocrx_word' id='word_1_43' title='bbox 1502 881 1596 958; x_wconf 89' lang='lat' dir='ltr'>inter</span> <span class='ocrx_word' id='word_1_44' title='bbox 1620 905 1654 952; x_wconf 86' lang='lat' dir='ltr'>se</span> <span class='ocrx_word' id='word_1_45' title='bbox 1682 903 1749 954; x_wconf 89' lang='lat' dir='ltr'>non</span> <span class='ocrx_word' id='word_1_46' title='bbox 1774 907 1875 960; x_wconf 81' lang='lat' dir='ltr'>aecus</span> <span class='ocrx_word' id='word_1_47' title='bbox 1896 915 1938 961; x_wconf 91' lang='lat' dir='ltr'>ac</span> <span class='ocrx_word' id='word_1_48' title='bbox 1969 897 2042 986; x_wconf 74' lang='lat' dir='ltr'>Hy.</span> 
     </span>
     <span class='ocr_line' id='line_1_7' title="bbox 507 1009 2040 1104; baseline 0.007 -22"><span class='ocrx_word' id='word_1_49' title='bbox 507 1013 672 1104; x_wconf 90' lang='lat' dir='ltr'>perbolae</span> <span class='ocrx_word' id='word_1_50' title='bbox 701 1012 842 1081; x_wconf 84' lang='lat' dir='ltr'>tonicae</span> <span class='ocrx_word' id='word_1_51' title='bbox 870 1013 1016 1082; x_wconf 83' lang='lat' dir='ltr'>similes.</span> <span class='ocrx_word' id='word_1_52' title='bbox 1042 1013 1124 1102; x_wconf 88' lang='lat' dir='ltr'>Quo</span> <span class='ocrx_word' id='word_1_53' title='bbox 1150 1013 1256 1104; x_wconf 85' lang='lat' dir='ltr'>magis</span> <span class='ocrx_word' id='word_1_54' title='bbox 1293 1009 1466 1079; x_wconf 86' lang='lat' dir='ltr'>minuitur</span> <span class='ocrx_word' id='word_1_55' title='bbox 1490 1009 1629 1077; x_wconf 88' lang='lat' dir='ltr'>Curvae</span> <span class='ocrx_word' id='word_1_56' title='bbox 1664 1011 1869 1086; x_wconf 87' lang='lat' dir='ltr'>Paramerer</span> <span class='ocrx_word' id='word_1_57' title='bbox 1901 1024 1973 1100; x_wconf 78' lang='grc' dir='ltr'>ΒΥ,</span> <span class='ocrx_word' id='word_1_58' title='bbox 1998 1045 2040 1092; x_wconf 89' lang='lat' dir='ltr'>eo</span> 
     </span>
     <span class='ocr_line' id='line_1_8' title="bbox 503 1131 2036 1234; baseline 0.005 -22"><span class='ocrx_word' id='word_1_59' title='bbox 503 1143 611 1233; x_wconf 85' lang='lat' dir='ltr'>magis</span> <span class='ocrx_word' id='word_1_60' title='bbox 638 1143 729 1209; x_wconf 85' lang='lat' dir='ltr'>illius</span> <span class='ocrx_word' id='word_1_61' title='bbox 755 1141 841 1209; x_wconf 88' lang='lat' dir='ltr'>rami</span> <span class='ocrx_word' id='word_1_62' title='bbox 868 1139 1119 1234; x_wconf 79' lang='lat' dir='ltr'>expanduntur</span> <span class='ocrx_word' id='word_1_63' title='bbox 1145 1161 1258 1231; x_wconf 86' lang='lat' dir='ltr'>usque</span> <span class='ocrx_word' id='word_1_64' title='bbox 1283 1135 1367 1206; x_wconf 92' lang='lat' dir='ltr'>dum</span> <span class='ocrx_word' id='word_1_65' title='bbox 1387 1135 1405 1203; x_wconf 78' lang='lat' dir='ltr'>lt</span> <span class='ocrx_word' id='word_1_66' title='bbox 1424 1131 1658 1206; x_wconf 86' lang='lat' dir='ltr'>evanescente</span> <span class='ocrx_word' id='word_1_67' title='bbox 1684 1139 1814 1213; x_wconf 88' lang='lat' dir='ltr'>abeant</span> <span class='ocrx_word' id='word_1_68' title='bbox 1832 1145 1874 1214; x_wconf 88' lang='lat' dir='ltr'>in</span> <span class='ocrx_word' id='word_1_69' title='bbox 1895 1145 2036 1220; x_wconf 89' lang='lat' dir='ltr'>Diame·</span> 
     </span>
     <span class='ocr_line' id='line_1_9' title="bbox 507 1261 2034 1369; baseline 0.009 -34"><span class='ocrx_word' id='word_1_70' title='bbox 507 1289 601 1336; x_wconf 90' lang='lat' dir='ltr'>trum</span> <span class='ocrx_word' id='word_1_71' title='bbox 629 1272 733 1346; x_wconf 85' lang='lat' dir='ltr'><em>IBH,</em></span> <span class='ocrx_word' id='word_1_72' title='bbox 760 1269 905 1360; x_wconf 89' lang='lat' dir='ltr'>duoque</span> <span class='ocrx_word' id='word_1_73' title='bbox 934 1271 1086 1339; x_wconf 89' lang='lat' dir='ltr'>vertices</span> <span class='ocrx_word' id='word_1_74' title='bbox 1110 1289 1191 1336; x_wconf 86' lang='lat' dir='ltr'>cum</span> <span class='ocrx_word' id='word_1_75' title='bbox 1217 1285 1343 1368; x_wconf 82' lang='lat' dir='ltr'>centro</span> <span class='ocrx_word' id='word_1_76' title='bbox 1368 1271 1396 1336; x_wconf 85' lang='lat' dir='ltr'><em>B</em></span> <span class='ocrx_word' id='word_1_77' title='bbox 1421 1261 1707 1346; x_wconf 83' lang='lat' dir='ltr'>cottfundantur;</span> <span class='ocrx_word' id='word_1_78' title='bbox 1727 1290 1764 1338; x_wconf 92' lang='lat' dir='ltr'>et</span> <span class='ocrx_word' id='word_1_79' title='bbox 1783 1291 1803 1338; x_wconf 93' lang='lat' dir='ltr'>e</span> <span class='ocrx_word' id='word_1_80' title='bbox 1822 1293 1943 1344; x_wconf 89' lang='lat' dir='ltr'>contra</span> <span class='ocrx_word' id='word_1_81' title='bbox 1964 1299 2034 1369; x_wconf 89' lang='lat' dir='ltr'>quo</span> 
     </span>
     <span class='ocr_line' id='line_1_10' title="bbox 507 1395 2034 1488; baseline 0.008 -24"><span class='ocrx_word' id='word_1_82' title='bbox 507 1397 617 1486; x_wconf 87' lang='lat' dir='ltr'>magis</span> <span class='ocrx_word' id='word_1_83' title='bbox 644 1399 806 1488; x_wconf 84' lang='lat' dir='ltr'>augescit</span> <span class='ocrx_word' id='word_1_84' title='bbox 833 1399 1034 1466; x_wconf 87' lang='lat' dir='ltr'>Paramerer</span> <span class='ocrx_word' id='word_1_85' title='bbox 1060 1397 1140 1474; x_wconf 87' lang='grc' dir='ltr'>ΒΔ,</span> <span class='ocrx_word' id='word_1_86' title='bbox 1166 1416 1209 1462; x_wconf 91' lang='lat' dir='ltr'>eo</span> <span class='ocrx_word' id='word_1_87' title='bbox 1235 1397 1342 1488; x_wconf 87' lang='lat' dir='ltr'>magis</span> <span class='ocrx_word' id='word_1_88' title='bbox 1381 1395 1455 1465; x_wconf 86' lang='lat' dir='ltr'>eius</span> <span class='ocrx_word' id='word_1_89' title='bbox 1481 1395 1612 1464; x_wconf 85' lang='lat' dir='ltr'>Lineae</span> <span class='ocrx_word' id='word_1_90' title='bbox 1651 1399 1738 1466; x_wconf 87' lang='lat' dir='ltr'>rami</span> <span class='ocrx_word' id='word_1_91' title='bbox 1778 1402 2034 1476; x_wconf 84' lang='lat' dir='ltr'>contrahuntur</span> 
     </span>
     <span class='ocr_line' id='line_1_11' title="bbox 506 1519 2032 1616; baseline 0.003 -22"><span class='ocrx_word' id='word_1_92' title='bbox 506 1546 622 1616; x_wconf 83' lang='lat' dir='ltr'>traque</span> <span class='ocrx_word' id='word_1_93' title='bbox 649 1526 730 1594; x_wconf 91' lang='lat' dir='ltr'>dum</span> <span class='ocrx_word' id='word_1_94' title='bbox 757 1527 777 1594; x_wconf 78' lang='lat' dir='ltr'>l</span> <span class='ocrx_word' id='word_1_95' title='bbox 802 1525 942 1595; x_wconf 90' lang='lat' dir='ltr'>infinito</span> <span class='ocrx_word' id='word_1_96' title='bbox 967 1523 1143 1592; x_wconf 86' lang='lat' dir='ltr'>evadente</span> <span class='ocrx_word' id='word_1_97' title='bbox 1171 1543 1244 1593; x_wconf 92' lang='lat' dir='ltr'>tota</span> <span class='ocrx_word' id='word_1_98' title='bbox 1272 1529 1389 1594; x_wconf 87' lang='lat' dir='ltr'>Curva</span> <span class='ocrx_word' id='word_1_99' title='bbox 1416 1523 1451 1594; x_wconf 92' lang='lat' dir='ltr'>in</span> <span class='ocrx_word' id='word_1_100' title='bbox 1478 1519 1621 1592; x_wconf 86' lang='lat' dir='ltr'>infinito</span> <span class='ocrx_word' id='word_1_101' title='bbox 1645 1545 1679 1592; x_wconf 90' lang='lat' dir='ltr'>se</span> <span class='ocrx_word' id='word_1_102' title='bbox 1713 1525 1925 1598; x_wconf 87' lang='lat' dir='ltr'>abscondat.</span> <span class='ocrx_word' id='word_1_103' title='bbox 1960 1531 2032 1598; x_wconf 87' lang='lat' dir='ltr'>Hos</span> 
     </span>
     <span class='ocr_line' id='line_1_12' title="bbox 507 1652 2033 1748; baseline 0.003 -26"><span class='ocrx_word' id='word_1_104' title='bbox 507 1655 603 1722; x_wconf 89' lang='lat' dir='ltr'>inter</span> <span class='ocrx_word' id='word_1_105' title='bbox 628 1655 780 1745; x_wconf 86' lang='lat' dir='ltr'>geminos</span> <span class='ocrx_word' id='word_1_106' title='bbox 806 1655 946 1722; x_wconf 87' lang='lat' dir='ltr'>Curvae</span> <span class='ocrx_word' id='word_1_107' title='bbox 973 1655 1100 1742; x_wconf 83' lang='lat' dir='ltr'>limites</span> <span class='ocrx_word' id='word_1_108' title='bbox 1125 1671 1162 1720; x_wconf 90' lang='lat' dir='ltr'>et</span> <span class='ocrx_word' id='word_1_109' title='bbox 1189 1652 1304 1720; x_wconf 81' lang='lat' dir='ltr'>Areae</span> <span class='ocrx_word' id='word_1_110' title='bbox 1331 1671 1468 1742; x_wconf 89' lang='lat' dir='ltr'>partes,</span> <span class='ocrx_word' id='word_1_111' title='bbox 1496 1669 1534 1718; x_wconf 90' lang='lat' dir='ltr'>et</span> <span class='ocrx_word' id='word_1_112' title='bbox 1564 1655 1680 1720; x_wconf 81' lang='lat' dir='ltr'>Areae</span> <span class='ocrx_word' id='word_1_113' title='bbox 1700 1653 1858 1744; x_wconf 82' lang='lat' dir='ltr'>integrae</span> <span class='ocrx_word' id='word_1_114' title='bbox 1881 1679 2033 1748; x_wconf 88' lang='lat' dir='ltr'>aequan-</span> 
     </span>
    </p>
   </div>
   <div class='ocr_carea' id='block_1_2' title="bbox 505 1757 2132 1880">
    <p class='ocr_par' dir='ltr' id='par_1_2' title="bbox 505 1757 2132 1880">
     <span class='ocr_line' id='line_1_13' title="bbox 505 1757 2132 1880; baseline 0.004 -31"><span class='ocrx_word' id='word_1_115' title='bbox 505 1801 565 1850; x_wconf 87' lang='lat' dir='ltr'>tur</span> <span class='ocrx_word' id='word_1_116' title='bbox 590 1780 703 1871; x_wconf 88' lang='lat' dir='ltr'>duplis</span> <span class='ocrx_word' id='word_1_117' title='bbox 730 1757 893 1872; x_wconf 81' lang='lat' dir='ltr'>Ellipseos</span> <span class='ocrx_word' id='word_1_118' title='bbox 919 1781 1064 1850; x_wconf 91' lang='lat' dir='ltr'>conicae</span> <span class='ocrx_word' id='word_1_119' title='bbox 1089 1779 1274 1870; x_wconf 83' lang='lat' dir='ltr'>inscriptae</span> <span class='ocrx_word' id='word_1_120' title='bbox 1301 1777 1564 1848; x_wconf 85' lang='lat' dir='ltr'>subiacentibus</span> <span class='ocrx_word' id='word_1_121' title='bbox 1589 1779 1810 1859; x_wconf 74' lang='lat' dir='ltr'>Semonibus,</span> <span class='ocrx_word' id='word_1_122' title='bbox 1828 1803 1893 1852; x_wconf 88' lang='lat' dir='ltr'>aut</span> <span class='ocrx_word' id='word_1_123' title='bbox 1918 1783 2031 1874; x_wconf 84' lang='lat' dir='ltr'>duplis</span> <span class='ocrx_word' id='word_1_124' title='bbox 2089 1867 2094 1880; x_wconf 86' lang='lat'><strong>.</strong></span> <span class='ocrx_word' id='word_1_125' title='bbox 2127 1849 2132 1856; x_wconf 91' lang='lat'>.</span> 
     </span>
    </p>
   </div>
   <div class='ocr_carea' id='block_1_3' title="bbox 392 1903 2037 4826">
    <p class='ocr_par' dir='ltr' id='par_1_3' title="bbox 492 1903 2031 3797">
     <span class='ocr_line' id='line_1_14' title="bbox 502 1903 2030 2002; baseline 0.003 -26"><span class='ocrx_word' id='word_1_126' title='bbox 502 1907 723 2000; x_wconf 85' lang='lat' dir='ltr'>integrarum</span> <span class='ocrx_word' id='word_1_127' title='bbox 750 1909 949 2000; x_wconf 84' lang='lat' dir='ltr'>Ellipsium,</span> <span class='ocrx_word' id='word_1_128' title='bbox 975 1930 1068 2002; x_wconf 87' lang='lat' dir='ltr'>quae</span> <span class='ocrx_word' id='word_1_129' title='bbox 1097 1906 1237 1997; x_wconf 85' lang='lat' dir='ltr'>Ellipscs</span> <span class='ocrx_word' id='word_1_130' title='bbox 1263 1903 1388 1992; x_wconf 88' lang='lat' dir='ltr'>(facile</span> <span class='ocrx_word' id='word_1_131' title='bbox 1414 1907 1449 1976; x_wconf 89' lang='lat' dir='ltr'>in</span> <span class='ocrx_word' id='word_1_132' title='bbox 1474 1905 1635 1974; x_wconf 85' lang='lat' dir='ltr'>Circulos</span> <span class='ocrx_word' id='word_1_133' title='bbox 1663 1911 1925 1982; x_wconf 79' lang='lat' dir='ltr'>convertendae</span> <span class='ocrx_word' id='word_1_134' title='bbox 1963 1913 2030 1980; x_wconf 82' lang='lat' dir='ltr'>lta·</span> 
     </span>
     <span class='ocr_line' id='line_1_15' title="bbox 504 2015 2030 2131; baseline 0.003 -27"><span class='ocrx_word' id='word_1_135' title='bbox 504 2033 581 2104; x_wconf 88' lang='lat' dir='ltr'>dios</span> <span class='ocrx_word' id='word_1_136' title='bbox 608 2033 778 2105; x_wconf 87' lang='lat' dir='ltr'>habentes</span> <span class='ocrx_word' id='word_1_137' title='bbox 805 2033 901 2125; x_wconf 68' lang='lat' dir='ltr'>tsi&#39;b&#39;</span> <span class='ocrx_word' id='word_1_138' title='bbox 929 2059 973 2105; x_wconf 84' lang='lat' dir='ltr'>ex</span> <span class='ocrx_word' id='word_1_139' title='bbox 998 2036 1209 2106; x_wconf 89' lang='lat' dir='ltr'>Conicorum</span> <span class='ocrx_word' id='word_1_140' title='bbox 1234 2015 1415 2113; x_wconf 78' lang='lat' dir='ltr'>doctriua,</span> <span class='ocrx_word' id='word_1_141' title='bbox 1449 2055 1511 2104; x_wconf 86' lang='lat' dir='ltr'>aot</span> <span class='ocrx_word' id='word_1_142' title='bbox 1538 2033 1668 2104; x_wconf 88' lang='lat' dir='ltr'>medios</span> <span class='ocrx_word' id='word_1_143' title='bbox 1700 2039 1916 2127; x_wconf 84' lang='lat' dir='ltr'>geometrice</span> <span class='ocrx_word' id='word_1_144' title='bbox 1952 2061 2030 2131; x_wconf 90' lang='lat' dir='ltr'>pro·</span> 
     </span>
     <span class='ocr_line' id='line_1_16' title="bbox 502 2163 2028 2256; baseline 0.003 -27"><span class='ocrx_word' id='word_1_145' title='bbox 502 2165 731 2256; x_wconf 84' lang='lat' dir='ltr'>portionales</span> <span class='ocrx_word' id='word_1_146' title='bbox 754 2167 848 2236; x_wconf 88' lang='lat' dir='ltr'>inter</span> <span class='ocrx_word' id='word_1_147' title='bbox 892 2173 1111 2238; x_wconf 80' lang='lat' dir='ltr'>constantem</span> <span class='ocrx_word' id='word_1_148' title='bbox 1147 2163 1300 2234; x_wconf 83' lang='lat' dir='ltr'>Radium</span> <span class='ocrx_word' id='word_1_149' title='bbox 1334 2167 1388 2232; x_wconf 88' lang='lat' dir='ltr'>BI</span> <span class='ocrx_word' id='word_1_150' title='bbox 1416 2184 1457 2232; x_wconf 88' lang='lat' dir='ltr'>ac</span> <span class='ocrx_word' id='word_1_151' title='bbox 1492 2163 1733 2232; x_wconf 84' lang='lat' dir='ltr'>Paramettum</span> <span class='ocrx_word' id='word_1_152' title='bbox 1766 2163 1936 2251; x_wconf 83' lang='lat' dir='ltr'>Curvae)</span> <span class='ocrx_word' id='word_1_153' title='bbox 1970 2164 2028 2233; x_wconf 87' lang='lat' dir='ltr'>Se·</span> 
     </span>
     <span class='ocr_line' id='line_1_17' title="bbox 497 2290 2031 2383; baseline 0.002 -24"><span class='ocrx_word' id='word_1_154' title='bbox 497 2290 650 2360; x_wconf 85' lang='lat' dir='ltr'>miaxem</span> <span class='ocrx_word' id='word_1_155' title='bbox 678 2314 787 2362; x_wconf 86' lang='lat' dir='ltr'>unum</span> <span class='ocrx_word' id='word_1_156' title='bbox 813 2314 952 2383; x_wconf 83' lang='lat' dir='ltr'>semper</span> <span class='ocrx_word' id='word_1_157' title='bbox 975 2293 1127 2362; x_wconf 86' lang='lat' dir='ltr'>babeant</span> <span class='ocrx_word' id='word_1_158' title='bbox 1150 2309 1369 2361; x_wconf 83' lang='lat' dir='ltr'>constantem</span> <span class='ocrx_word' id='word_1_159' title='bbox 1387 2295 1569 2364; x_wconf 69' lang='lat' dir='ltr'>elza,</span> <span class='ocrx_word' id='word_1_160' title='bbox 1587 2292 1733 2360; x_wconf 87' lang='lat' dir='ltr'>aiterum</span> <span class='ocrx_word' id='word_1_161' title='bbox 1759 2313 1847 2360; x_wconf 87' lang='lat' dir='ltr'>vero</span> <span class='ocrx_word' id='word_1_162' title='bbox 1876 2295 1950 2368; x_wconf 78' lang='grc' dir='ltr'>ΒΥ,</span> <span class='ocrx_word' id='word_1_163' title='bbox 1973 2291 2031 2362; x_wconf 84' lang='grc' dir='ltr'>ΒΔ</span> 
     </span>
     <span class='ocr_line' id='line_1_18' title="bbox 500 2403 2028 2501; baseline 0.006 -16"><span class='ocrx_word' id='word_1_164' title='bbox 500 2403 691 2498; x_wconf 83' lang='lat' dir='ltr'>etc.=b,</span> <span class='ocrx_word' id='word_1_165' title='bbox 707 2421 867 2490; x_wconf 88' lang='lat' dir='ltr'>nimirum</span> <span class='ocrx_word' id='word_1_166' title='bbox 887 2419 1089 2490; x_wconf 82' lang='lat' dir='ltr'>distantiam</span> <span class='ocrx_word' id='word_1_167' title='bbox 1105 2419 1248 2488; x_wconf 86' lang='lat' dir='ltr'>verticis</span> <span class='ocrx_word' id='word_1_168' title='bbox 1266 2441 1285 2488; x_wconf 84' lang='lat' dir='ltr'>a</span> <span class='ocrx_word' id='word_1_169' title='bbox 1304 2437 1430 2488; x_wconf 90' lang='lat' dir='ltr'>centro</span> <span class='ocrx_word' id='word_1_170' title='bbox 1446 2421 1622 2489; x_wconf 88' lang='lat' dir='ltr'>communi</span> <span class='ocrx_word' id='word_1_171' title='bbox 1640 2419 1838 2488; x_wconf 87' lang='lat' dir='ltr'>Curvarom</span> <span class='ocrx_word' id='word_1_172' title='bbox 1856 2422 2028 2501; x_wconf 79' lang='lat' dir='ltr'>omnium.</span> 
     </span>
     <span class='ocr_line' id='line_1_19' title="bbox 494 2543 2028 2642; baseline 0.005 -29"><span class='ocrx_word' id='word_1_173' title='bbox 494 2543 575 2614; x_wconf 82' lang='lat' dir='ltr'>aive</span> <span class='ocrx_word' id='word_1_174' title='bbox 600 2549 885 2618; x_wconf 88' lang='lat' dir='ltr'>semidistantiam</span> <span class='ocrx_word' id='word_1_175' title='bbox 912 2547 1063 2618; x_wconf 89' lang='lat' dir='ltr'>duarum</span> <span class='ocrx_word' id='word_1_176' title='bbox 1090 2548 1243 2638; x_wconf 87' lang='lat' dir='ltr'>partium</span> <span class='ocrx_word' id='word_1_177' title='bbox 1269 2545 1410 2616; x_wconf 90' lang='lat' dir='ltr'>Curvae</span> <span class='ocrx_word' id='word_1_178' title='bbox 1434 2545 1708 2638; x_wconf 77' lang='lat' dir='ltr'>coniugatorum.</span> <span class='ocrx_word' id='word_1_179' title='bbox 1733 2547 1897 2628; x_wconf 77' lang='lat' dir='ltr'>Revera,</span> <span class='ocrx_word' id='word_1_180' title='bbox 1924 2571 2028 2642; x_wconf 89' lang='lat' dir='ltr'>quum</span> 
     </span>
     <span class='ocr_line' id='line_1_20' title="bbox 495 2673 2027 2768; baseline 0.005 -27"><span class='ocrx_word' id='word_1_181' title='bbox 495 2691 543 2742; x_wconf 87' lang='lat' dir='ltr'>err</span> <span class='ocrx_word' id='word_1_182' title='bbox 571 2677 763 2765; x_wconf 85' lang='lat' dir='ltr'>praemissis</span> <span class='ocrx_word' id='word_1_183' title='bbox 788 2675 974 2768; x_wconf 87' lang='lat' dir='ltr'>quaelibet</span> <span class='ocrx_word' id='word_1_184' title='bbox 998 2673 1238 2744; x_wconf 87' lang='lat' dir='ltr'>ordinatarum</span> <span class='ocrx_word' id='word_1_185' title='bbox 1262 2677 1403 2746; x_wconf 88' lang='lat' dir='ltr'>Curvae</span> <span class='ocrx_word' id='word_1_186' title='bbox 1428 2675 1588 2744; x_wconf 87' lang='lat' dir='ltr'>scalenne</span> <span class='ocrx_word' id='word_1_187' title='bbox 1614 2677 1665 2744; x_wconf 67' lang='lat' dir='ltr'>Sd</span> <span class='ocrx_word' id='word_1_188' title='bbox 1681 2695 1743 2746; x_wconf 88' lang='lat' dir='ltr'>aut</span> <span class='ocrx_word' id='word_1_189' title='bbox 1761 2679 1819 2745; x_wconf 68' lang='grc' dir='ltr'><strong><em>Ν</em></strong></span> <span class='ocrx_word' id='word_1_190' title='bbox 1842 2677 1888 2745; x_wconf 82' lang='lat' dir='ltr'>sir</span> <span class='ocrx_word' id='word_1_191' title='bbox 1911 2675 1956 2745; x_wconf 94' lang='lat' dir='ltr'>ad</span> <span class='ocrx_word' id='word_1_192' title='bbox 1980 2682 2027 2748; x_wconf 88' lang='lat' dir='ltr'>SO</span> 
     </span>
     <span class='ocr_line' id='line_1_21' title="bbox 492 2800 2022 2894; baseline 0.001 -22"><span class='ocrx_word' id='word_1_193' title='bbox 492 2800 770 2890; x_wconf 82' lang='lat' dir='ltr'>respondentem</span> <span class='ocrx_word' id='word_1_194' title='bbox 788 2803 1033 2894; x_wconf 85' lang='lat' dir='ltr'>aequilaterae</span> <span class='ocrx_word' id='word_1_195' title='bbox 1053 2803 1088 2870; x_wconf 92' lang='lat' dir='ltr'>in</span> <span class='ocrx_word' id='word_1_196' title='bbox 1108 2801 1244 2870; x_wconf 91' lang='lat' dir='ltr'>ratione</span> <span class='ocrx_word' id='word_1_197' title='bbox 1262 2801 1349 2868; x_wconf 79' lang='lat' dir='ltr'>dara</span> <span class='ocrx_word' id='word_1_198' title='bbox 1367 2805 1510 2872; x_wconf 73' lang='grc' dir='ltr'>ΒῖτΒΑ</span> <span class='ocrx_word' id='word_1_199' title='bbox 1529 2821 1591 2872; x_wconf 87' lang='lat' dir='ltr'>aut</span> <span class='ocrx_word' id='word_1_200' title='bbox 1610 2803 1670 2873; x_wconf 83' lang='lat' dir='ltr'>BA</span> <span class='ocrx_word' id='word_1_201' title='bbox 1689 2825 1698 2869; x_wconf 76' lang='grc' dir='ltr'><strong><em>ε</em></strong></span> <span class='ocrx_word' id='word_1_202' title='bbox 1718 2809 1778 2872; x_wconf 83' lang='grc' dir='ltr'>ΒΑ</span> <span class='ocrx_word' id='word_1_203' title='bbox 1790 2851 1799 2880; x_wconf 88' lang='grc'><strong>,</strong></span> <span class='ocrx_word' id='word_1_204' title='bbox 1826 2823 1951 2894; x_wconf 85' lang='lat' dir='ltr'>nempe</span> <span class='ocrx_word' id='word_1_205' title='bbox 1978 2823 2022 2874; x_wconf 87' lang='lat' dir='ltr'>ex</span> 
     </span>
     <span class='ocr_line' id='line_1_22' title="bbox 494 2927 2024 3022; baseline 0.003 -26"><span class='ocrx_word' id='word_1_206' title='bbox 494 2929 635 2998; x_wconf 83' lang='lat' dir='ltr'>Cornicis</span> <span class='ocrx_word' id='word_1_207' title='bbox 654 2932 708 3000; x_wconf 88' lang='lat' dir='ltr'>uti</span> <span class='ocrx_word' id='word_1_208' title='bbox 728 2931 850 2998; x_wconf 89' lang='lat' dir='ltr'>Sector</span> <span class='ocrx_word' id='word_1_209' title='bbox 869 2931 1031 3020; x_wconf 86' lang='lat' dir='ltr'>Ellipseos</span> <span class='ocrx_word' id='word_1_210' title='bbox 1051 2933 1135 3022; x_wconf 82' lang='lat' dir='ltr'>BYQ</span> <span class='ocrx_word' id='word_1_211' title='bbox 1152 2948 1215 2999; x_wconf 84' lang='lat' dir='ltr'>aut</span> <span class='ocrx_word' id='word_1_212' title='bbox 1233 2931 1324 2999; x_wconf 83' lang='grc' dir='ltr'>ΒΔΦ</span> <span class='ocrx_word' id='word_1_213' title='bbox 1341 2927 1386 2998; x_wconf 90' lang='lat' dir='ltr'>ad</span> <span class='ocrx_word' id='word_1_214' title='bbox 1404 2930 1581 2998; x_wconf 75' lang='lat' dir='ltr'>sectorem</span> <span class='ocrx_word' id='word_1_215' title='bbox 1601 2929 1731 2998; x_wconf 88' lang='lat' dir='ltr'>Circuli</span> <span class='ocrx_word' id='word_1_216' title='bbox 1758 2931 1848 2999; x_wconf 81' lang='grc' dir='ltr'>ΒΑΚ</span> <span class='ocrx_word' id='word_1_217' title='bbox 1858 2975 1868 3008; x_wconf 82' lang='lat'>‚</span> <span class='ocrx_word' id='word_1_218' title='bbox 1885 2931 1960 2999; x_wconf 84' lang='lat' dir='ltr'>sive</span> <span class='ocrx_word' id='word_1_219' title='bbox 1987 2947 2024 3002; x_wconf 79' lang='lat' dir='ltr'>ut</span> 
     </span>
     <span class='ocr_line' id='line_1_23' title="bbox 497 3054 2024 3150; baseline 0.001 -26"><span class='ocrx_word' id='word_1_220' title='bbox 497 3075 624 3124; x_wconf 87' lang='lat' dir='ltr'>eorum</span> <span class='ocrx_word' id='word_1_221' title='bbox 641 3054 770 3148; x_wconf 86' lang='lat' dir='ltr'>dupla,</span> <span class='ocrx_word' id='word_1_222' title='bbox 789 3077 896 3127; x_wconf 87' lang='lat' dir='ltr'>nemo</span> <span class='ocrx_word' id='word_1_223' title='bbox 908 3057 952 3127; x_wconf 92' lang='lat' dir='ltr'>de</span> <span class='ocrx_word' id='word_1_224' title='bbox 972 3057 1126 3128; x_wconf 88' lang='lat' dir='ltr'>veritate</span> <span class='ocrx_word' id='word_1_225' title='bbox 1144 3055 1391 3128; x_wconf 87' lang='lat' dir='ltr'>Theorematis</span> <span class='ocrx_word' id='word_1_226' title='bbox 1417 3057 1669 3150; x_wconf 86' lang='lat' dir='ltr'>elegantissimi</span> <span class='ocrx_word' id='word_1_227' title='bbox 1687 3055 1850 3127; x_wconf 86' lang='lat' dir='ltr'>dubitare</span> <span class='ocrx_word' id='word_1_228' title='bbox 1868 3079 2024 3150; x_wconf 87' lang='lat' dir='ltr'>uuquam</span> 
     </span>
     <span class='ocr_line' id='line_1_24' title="bbox 497 3183 2024 3276; baseline 0.003 -29"><span class='ocrx_word' id='word_1_229' title='bbox 497 3183 657 3274; x_wconf 85' lang='lat' dir='ltr'>poterit.</span> <span class='ocrx_word' id='word_1_230' title='bbox 692 3185 862 3274; x_wconf 89' lang='lat' dir='ltr'>Quinimo</span> <span class='ocrx_word' id='word_1_231' title='bbox 892 3205 931 3256; x_wconf 90' lang='lat' dir='ltr'>et</span> <span class='ocrx_word' id='word_1_232' title='bbox 964 3183 1068 3256; x_wconf 90' lang='lat' dir='ltr'>valde</span> <span class='ocrx_word' id='word_1_233' title='bbox 1093 3184 1258 3256; x_wconf 85' lang='lat' dir='ltr'>admirari</span> <span class='ocrx_word' id='word_1_234' title='bbox 1283 3185 1451 3258; x_wconf 87' lang='lat' dir='ltr'>debemus</span> <span class='ocrx_word' id='word_1_235' title='bbox 1477 3187 1512 3256; x_wconf 92' lang='lat' dir='ltr'>in</span> <span class='ocrx_word' id='word_1_236' title='bbox 1537 3186 1664 3256; x_wconf 87' lang='lat' dir='ltr'>Curvis</span> <span class='ocrx_word' id='word_1_237' title='bbox 1689 3185 1763 3254; x_wconf 86' lang='lat' dir='ltr'>istis</span> <span class='ocrx_word' id='word_1_238' title='bbox 1787 3184 2024 3276; x_wconf 85' lang='lat' dir='ltr'>amplissimam</span> 
     </span>
     <span class='ocr_line' id='line_1_25' title="bbox 497 3307 2025 3407; baseline 0.002 -29"><span class='ocrx_word' id='word_1_239' title='bbox 497 3307 727 3382; x_wconf 91' lang='lat' dir='ltr'>Geometriae</span> <span class='ocrx_word' id='word_1_240' title='bbox 753 3310 956 3383; x_wconf 87' lang='lat' dir='ltr'>catechesin</span> <span class='ocrx_word' id='word_1_241' title='bbox 984 3334 1054 3384; x_wconf 91' lang='lat' dir='ltr'>tam</span> <span class='ocrx_word' id='word_1_242' title='bbox 1080 3315 1115 3384; x_wconf 93' lang='lat' dir='ltr'>in</span> <span class='ocrx_word' id='word_1_243' title='bbox 1141 3316 1229 3384; x_wconf 86' lang='lat' dir='ltr'>areis</span> <span class='ocrx_word' id='word_1_244' title='bbox 1254 3315 1452 3386; x_wconf 87' lang='lat' dir='ltr'>Curvarum</span> <span class='ocrx_word' id='word_1_245' title='bbox 1477 3319 1683 3384; x_wconf 72' lang='lat' dir='ltr'>scelestarum</span> <span class='ocrx_word' id='word_1_246' title='bbox 1709 3311 1902 3407; x_wconf 87' lang='lat' dir='ltr'>perfectam</span> <span class='ocrx_word' id='word_1_247' title='bbox 1937 3309 2025 3396; x_wconf 63' lang='lat' dir='ltr'>nili·</span> 
     </span>
     <span class='ocr_line' id='line_1_26' title="bbox 494 3435 2026 3536; baseline 0 -30"><span class='ocrx_word' id='word_1_248' title='bbox 494 3435 643 3508; x_wconf 90' lang='lat' dir='ltr'>lominus</span> <span class='ocrx_word' id='word_1_249' title='bbox 666 3441 887 3512; x_wconf 84' lang='lat' dir='ltr'>servantibus</span> <span class='ocrx_word' id='word_1_250' title='bbox 912 3442 1109 3536; x_wconf 84' lang='lat' dir='ltr'>analogiam</span> <span class='ocrx_word' id='word_1_251' title='bbox 1134 3467 1216 3516; x_wconf 91' lang='lat' dir='ltr'>cum</span> <span class='ocrx_word' id='word_1_252' title='bbox 1242 3443 1360 3513; x_wconf 90' lang='lat' dir='ltr'>Solido</span> <span class='ocrx_word' id='word_1_253' title='bbox 1385 3443 1625 3534; x_wconf 85' lang='lat' dir='ltr'>Hyperbolico</span> <span class='ocrx_word' id='word_1_254' title='bbox 1650 3459 1757 3510; x_wconf 89' lang='lat' dir='ltr'>acuto</span> <span class='ocrx_word' id='word_1_255' title='bbox 1780 3440 1824 3509; x_wconf 93' lang='lat' dir='ltr'>ab</span> <span class='ocrx_word' id='word_1_256' title='bbox 1841 3437 2026 3530; x_wconf 74' lang='lat' dir='ltr'>Hyperbo-</span> 
     </span>
     <span class='ocr_line' id='line_1_27' title="bbox 500 3565 2024 3666; baseline 0.001 -33"><span class='ocrx_word' id='word_1_257' title='bbox 500 3565 542 3634; x_wconf 92' lang='lat' dir='ltr'>lis</span> <span class='ocrx_word' id='word_1_258' title='bbox 576 3570 707 3657; x_wconf 86' lang='lat' dir='ltr'>pariter</span> <span class='ocrx_word' id='word_1_259' title='bbox 731 3570 873 3639; x_wconf 82' lang='lat' dir='ltr'>scalenis</span> <span class='ocrx_word' id='word_1_260' title='bbox 898 3593 1092 3663; x_wconf 86' lang='lat' dir='ltr'>generato,</span> <span class='ocrx_word' id='word_1_261' title='bbox 1119 3596 1228 3666; x_wconf 93' lang='lat' dir='ltr'>quam</span> <span class='ocrx_word' id='word_1_262' title='bbox 1267 3575 1303 3644; x_wconf 90' lang='lat' dir='ltr'>in</span> <span class='ocrx_word' id='word_1_263' title='bbox 1336 3570 1556 3642; x_wconf 86' lang='lat' dir='ltr'>adstruendis</span> <span class='ocrx_word' id='word_1_264' title='bbox 1589 3571 1777 3662; x_wconf 88' lang='lat' dir='ltr'>nitidcque</span> <span class='ocrx_word' id='word_1_265' title='bbox 1812 3565 2024 3658; x_wconf 82' lang='lat' dir='ltr'>explicandis</span> 
     </span>
     <span class='ocr_line' id='line_1_28' title="bbox 497 3692 2021 3797; baseline 0 -33"><span class='ocrx_word' id='word_1_266' title='bbox 497 3692 607 3766; x_wconf 86' lang='lat' dir='ltr'>huius</span> <span class='ocrx_word' id='word_1_267' title='bbox 634 3697 767 3769; x_wconf 88' lang='lat' dir='ltr'>Lineae</span> <span class='ocrx_word' id='word_1_268' title='bbox 793 3697 965 3789; x_wconf 87' lang='lat' dir='ltr'>praesidio</span> <span class='ocrx_word' id='word_1_269' title='bbox 990 3703 1094 3772; x_wconf 84' lang='lat' dir='ltr'>variis</span> <span class='ocrx_word' id='word_1_270' title='bbox 1119 3703 1285 3797; x_wconf 81' lang='lat' dir='ltr'>gradibus</span> <span class='ocrx_word' id='word_1_271' title='bbox 1311 3700 1560 3778; x_wconf 81' lang='lat' dir='ltr'>lnfinitorum.</span> <span class='ocrx_word' id='word_1_272' title='bbox 1578 3719 1615 3770; x_wconf 90' lang='lat' dir='ltr'>et</span> <span class='ocrx_word' id='word_1_273' title='bbox 1632 3695 2021 3788; x_wconf 76' lang='lat' dir='ltr'>infinite-parvorum,</span> 
     </span>
    </p>

    <p class='ocr_par' dir='ltr' id='par_1_4' title="bbox 392 3819 2037 4826">
     <span class='ocr_line' id='line_1_29' title="bbox 491 3819 2024 3923; baseline -0.002 -31"><span class='ocrx_word' id='word_1_274' title='bbox 491 3821 544 3892; x_wconf 87' lang='lat' dir='ltr'>-de</span> <span class='ocrx_word' id='word_1_275' title='bbox 570 3823 701 3914; x_wconf 89' lang='lat' dir='ltr'>quibus</span> <span class='ocrx_word' id='word_1_276' title='bbox 726 3823 915 3920; x_wconf 88' lang='lat' dir='ltr'>hucusque</span> <span class='ocrx_word' id='word_1_277' title='bbox 941 3827 1141 3913; x_wconf 82' lang='lat' dir='ltr'>fastidiosa,</span> <span class='ocrx_word' id='word_1_278' title='bbox 1167 3855 1208 3902; x_wconf 88' lang='lat' dir='ltr'>ac</span> <span class='ocrx_word' id='word_1_279' title='bbox 1234 3831 1372 3923; x_wconf 87' lang='lat' dir='ltr'>saepius</span> <span class='ocrx_word' id='word_1_280' title='bbox 1396 3853 1416 3900; x_wconf 90' lang='lat' dir='ltr'>a</span> <span class='ocrx_word' id='word_1_281' title='bbox 1443 3830 1597 3898; x_wconf 88' lang='lat' dir='ltr'>veritate</span> <span class='ocrx_word' id='word_1_282' title='bbox 1627 3826 1753 3896; x_wconf 87' lang='lat' dir='ltr'>absona</span> <span class='ocrx_word' id='word_1_283' title='bbox 1792 3819 2024 3894; x_wconf 87' lang='lat' dir='ltr'>Mathemati-</span> 
     </span>
     <span class='ocr_line' id='line_1_30' title="bbox 392 3933 2025 4054; baseline -0.004 -33"><span class='ocrx_word' id='word_1_284' title='bbox 392 3933 393 3938; x_wconf 6' lang='grc' dir='ltr'>ἵ</span> <span class='ocrx_word' id='word_1_285' title='bbox 497 3952 533 4021; x_wconf 93' lang='lat' dir='ltr'>ci</span> <span class='ocrx_word' id='word_1_286' title='bbox 561 3953 789 4042; x_wconf 82' lang='lat' dir='ltr'>protulerunt</span> <span class='ocrx_word' id='word_1_287' title='bbox 812 3953 935 4049; x_wconf 87' lang='lat'>(380).</span> <span class='ocrx_word' id='word_1_288' title='bbox 962 3961 1093 4030; x_wconf 82' lang='lat' dir='ltr'>Primus</span> <span class='ocrx_word' id='word_1_289' title='bbox 1119 3981 1205 4054; x_wconf 89' lang='lat' dir='ltr'>ego,</span> <span class='ocrx_word' id='word_1_290' title='bbox 1230 3957 1329 4054; x_wconf 84' lang='lat' dir='ltr'>quod</span> <span class='ocrx_word' id='word_1_291' title='bbox 1354 3961 1489 4037; x_wconf 84' lang='lat' dir='ltr'>sciam.</span> <span class='ocrx_word' id='word_1_292' title='bbox 1515 3961 1550 4029; x_wconf 93' lang='lat' dir='ltr'>in</span> <span class='ocrx_word' id='word_1_293' title='bbox 1576 3954 1835 4046; x_wconf 86' lang='lat' dir='ltr'>Prolegomenis</span> <span class='ocrx_word' id='word_1_294' title='bbox 1863 3949 2025 4022; x_wconf 81' lang='lat' dir='ltr'>Tbenriae</span> 
     </span>
     <span class='ocr_line' id='line_1_31' title="bbox 495 4079 2028 4182; baseline -0.003 -34"><span class='ocrx_word' id='word_1_295' title='bbox 495 4079 770 4174; x_wconf 75' lang='lat' dir='ltr'>Magnitudinem</span> <span class='ocrx_word' id='word_1_296' title='bbox 792 4089 1091 4178; x_wconf 79' lang='lat' dir='ltr'>Exponentialium</span> <span class='ocrx_word' id='word_1_297' title='bbox 1117 4111 1186 4160; x_wconf 90' lang='lat' dir='ltr'>etc.</span> <span class='ocrx_word' id='word_1_298' title='bbox 1211 4087 1347 4160; x_wconf 88' lang='lat' dir='ltr'>ostendi</span> <span class='ocrx_word' id='word_1_299' title='bbox 1375 4084 1476 4182; x_wconf 83' lang='lat'>(381)</span> <span class='ocrx_word' id='word_1_300' title='bbox 1503 4085 1618 4157; x_wconf 89' lang='lat' dir='ltr'>Solida</span> <span class='ocrx_word' id='word_1_301' title='bbox 1653 4081 1892 4174; x_wconf 88' lang='lat' dir='ltr'>Hyperbolica</span> <span class='ocrx_word' id='word_1_302' title='bbox 1918 4095 2028 4146; x_wconf 80' lang='lat' dir='ltr'>acuta</span> 
     </span>
     <span class='ocr_line' id='line_1_32' title="bbox 494 4205 2030 4309; baseline -0.001 -31"><span class='ocrx_word' id='word_1_303' title='bbox 494 4207 635 4282; x_wconf 73' lang='lat' dir='ltr'>basibus</span> <span class='ocrx_word' id='word_1_304' title='bbox 661 4217 792 4286; x_wconf 84' lang='lat' dir='ltr'>conicit</span> <span class='ocrx_word' id='word_1_305' title='bbox 818 4216 976 4309; x_wconf 87' lang='lat' dir='ltr'>praedita</span> <span class='ocrx_word' id='word_1_306' title='bbox 1002 4217 1110 4308; x_wconf 90' lang='lat' dir='ltr'>dupla</span> <span class='ocrx_word' id='word_1_307' title='bbox 1136 4219 1243 4289; x_wconf 86' lang='lat' dir='ltr'>etiam</span> <span class='ocrx_word' id='word_1_308' title='bbox 1263 4237 1335 4291; x_wconf 85' lang='lat' dir='ltr'>esre</span> <span class='ocrx_word' id='word_1_309' title='bbox 1353 4210 1610 4290; x_wconf 87' lang='lat' dir='ltr'>subiacentium</span> <span class='ocrx_word' id='word_1_310' title='bbox 1629 4211 1872 4304; x_wconf 87' lang='lat' dir='ltr'>inscriptorum</span> <span class='ocrx_word' id='word_1_311' title='bbox 1892 4205 2030 4293; x_wconf 84' lang='lat' dir='ltr'>Corpo-</span> 
     </span>
     <span class='ocr_line' id='line_1_33' title="bbox 496 4333 2029 4444; baseline 0.007 -37"><span class='ocrx_word' id='word_1_312' title='bbox 496 4359 576 4408; x_wconf 87' lang='lat' dir='ltr'>rum</span> <span class='ocrx_word' id='word_1_313' title='bbox 603 4363 623 4408; x_wconf 90' lang='lat' dir='ltr'>a</span> <span class='ocrx_word' id='word_1_314' title='bbox 649 4341 874 4416; x_wconf 86' lang='lat' dir='ltr'>revolutione</span> <span class='ocrx_word' id='word_1_315' title='bbox 899 4347 1273 4441; x_wconf 79' lang='lat' dir='ltr'>Patallelogrammatie</span> <span class='ocrx_word' id='word_1_316' title='bbox 1297 4349 1547 4444; x_wconf 80' lang='lat' dir='ltr'>obliquanguli</span> <span class='ocrx_word' id='word_1_317' title='bbox 1572 4345 1791 4438; x_wconf 75' lang='lat' dir='ltr'>genitorum·</span> <span class='ocrx_word' id='word_1_318' title='bbox 1816 4353 1855 4403; x_wconf 90' lang='lat' dir='ltr'>et</span> <span class='ocrx_word' id='word_1_319' title='bbox 1880 4333 1917 4400; x_wconf 63' lang='lat'>5¹¹</span> <span class='ocrx_word' id='word_1_320' title='bbox 1943 4349 2029 4422; x_wconf 60' lang='lat' dir='ltr'>Pas·</span> 
     </span>
     <span class='ocr_line' id='line_1_34' title="bbox 497 4461 2029 4573; baseline -0.006 -39"><span class='ocrx_word' id='word_1_321' title='bbox 497 4485 552 4536; x_wconf 88' lang='lat' dir='ltr'>tes</span> <span class='ocrx_word' id='word_1_322' title='bbox 578 4466 744 4558; x_wconf 82' lang='lat' dir='ltr'>aequales</span> <span class='ocrx_word' id='word_1_323' title='bbox 769 4492 1027 4570; x_wconf 87' lang='lat' dir='ltr'>quotcunque,</span> <span class='ocrx_word' id='word_1_324' title='bbox 1052 4499 1116 4550; x_wconf 88' lang='lat' dir='ltr'>aut</span> <span class='ocrx_word' id='word_1_325' title='bbox 1141 4481 1177 4549; x_wconf 93' lang='lat' dir='ltr'>in</span> <span class='ocrx_word' id='word_1_326' title='bbox 1203 4481 1289 4550; x_wconf 79' lang='lat' dir='ltr'>data</span> <span class='ocrx_word' id='word_1_327' title='bbox 1314 4473 1541 4573; x_wconf 85' lang='lat' dir='ltr'>proportione</span> <span class='ocrx_word' id='word_1_328' title='bbox 1567 4472 1679 4544; x_wconf 86' lang='lat' dir='ltr'>secari</span> <span class='ocrx_word' id='word_1_329' title='bbox 1706 4466 1846 4562; x_wconf 81' lang='lat' dir='ltr'>quoties</span> <span class='ocrx_word' id='word_1_330' title='bbox 1879 4461 1916 4529; x_wconf 93' lang='lat' dir='ltr'>in</span> <span class='ocrx_word' id='word_1_331' title='bbox 1950 4479 2029 4568; x_wconf 82' lang='lat' dir='ltr'>eas·</span> 
     </span>
     <span class='ocr_line' id='line_1_35' title="bbox 498 4585 2032 4702; baseline -0.003 -43"><span class='ocrx_word' id='word_1_332' title='bbox 498 4589 582 4660; x_wconf 89' lang='lat' dir='ltr'>dem</span> <span class='ocrx_word' id='word_1_333' title='bbox 609 4615 917 4692; x_wconf 61' lang='lat' dir='ltr'>numero‘partem</span> <span class='ocrx_word' id='word_1_334' title='bbox 941 4627 1005 4676; x_wconf 87' lang='lat' dir='ltr'>aut</span> <span class='ocrx_word' id='word_1_335' title='bbox 1032 4607 1065 4676; x_wconf 92' lang='lat' dir='ltr'>in</span> <span class='ocrx_word' id='word_1_336' title='bbox 1092 4603 1216 4677; x_wconf 72' lang='lat' dir='ltr'>eidem</span> <span class='ocrx_word' id='word_1_337' title='bbox 1243 4601 1468 4702; x_wconf 87' lang='lat' dir='ltr'>proportione</span> <span class='ocrx_word' id='word_1_338' title='bbox 1495 4599 1637 4673; x_wconf 84' lang='lat' dir='ltr'>secetur</span> <span class='ocrx_word' id='word_1_339' title='bbox 1661 4599 1755 4667; x_wconf 87' lang='lat' dir='ltr'>latus</span> <span class='ocrx_word' id='word_1_340' title='bbox 1793 4590 1940 4660; x_wconf 84' lang='lat' dir='ltr'>tonicae</span> <span class='ocrx_word' id='word_1_341' title='bbox 1966 4585 2032 4654; x_wconf 83' lang='lat' dir='ltr'>ba·</span> 
     </span>
     <span class='ocr_line' id='line_1_36' title="bbox 497 4714 2037 4826; baseline -0.011 -30"><span class='ocrx_word' id='word_1_342' title='bbox 497 4743 593 4792; x_wconf 77' lang='lat' dir='ltr'>aeos.</span> <span class='ocrx_word' id='word_1_343' title='bbox 618 4725 699 4798; x_wconf 92' lang='lat' dir='ltr'>Non</span> <span class='ocrx_word' id='word_1_344' title='bbox 724 4727 961 4802; x_wconf 81' lang='lat' dir='ltr'>diversimode</span> <span class='ocrx_word' id='word_1_345' title='bbox 988 4735 1080 4804; x_wconf 83' lang='lat' dir='ltr'>Area</span> <span class='ocrx_word' id='word_1_346' title='bbox 1105 4737 1262 4812; x_wconf 82' lang='lat' dir='ltr'>Curvae.</span> <span class='ocrx_word' id='word_1_347' title='bbox 1288 4753 1395 4826; x_wconf 90' lang='lat' dir='ltr'>quam</span> <span class='ocrx_word' id='word_1_348' title='bbox 1422 4750 1563 4809; x_wconf 86' lang='lat' dir='ltr'>tracto,</span> <span class='ocrx_word' id='word_1_349' title='bbox 1588 4727 1697 4820; x_wconf 88' lang='lat' dir='ltr'>dupla</span> <span class='ocrx_word' id='word_1_350' title='bbox 1722 4741 1778 4794; x_wconf 86' lang='lat' dir='ltr'>car</span> <span class='ocrx_word' id='word_1_351' title='bbox 1796 4715 1946 4788; x_wconf 88' lang='lat' dir='ltr'>Sectoris</span> <span class='ocrx_word' id='word_1_352' title='bbox 1976 4714 2037 4781; x_wconf 86' lang='lat' dir='ltr'>in·</span> 
     </span>
    </p>
   </div>
   <div class='ocr_carea' id='block_1_4' title="bbox 399 4839 2036 5042">
    <p class='ocr_par' dir='ltr' id='par_1_5' title="bbox 399 4839 2036 5042">
     <span class='ocr_line' id='line_1_37' title="bbox 399 4839 2036 4986; baseline -0.012 -56"><span class='ocrx_word' id='word_1_353' title='bbox 399 4917 403 4930; x_wconf 95' lang='lat'><em>.</em></span> <span class='ocrx_word' id='word_1_354' title='bbox 484 4853 620 4952; x_wconf 48' lang='lat' dir='ltr'>&#39;scripti</span> <span class='ocrx_word' id='word_1_355' title='bbox 654 4859 867 4938; x_wconf 81' lang='lat' dir='ltr'>subiacentis</span> <span class='ocrx_word' id='word_1_356' title='bbox 892 4861 1073 4956; x_wconf 78' lang='lat' dir='ltr'>Ellipseos,</span> <span class='ocrx_word' id='word_1_357' title='bbox 1091 4839 1352 4959; x_wconf 78' lang='lat' dir='ltr'>&#39;dividiturque</span> <span class='ocrx_word' id='word_1_358' title='bbox 1377 4880 1441 4942; x_wconf 82' lang='lat' dir='ltr'>aut</span> <span class='ocrx_word' id='word_1_359' title='bbox 1466 4858 1667 4956; x_wconf 83' lang='lat' dir='ltr'>aequaliter</span> <span class='ocrx_word' id='word_1_360' title='bbox 1698 4871 1761 4928; x_wconf 83' lang='lat' dir='ltr'>aur</span> <span class='ocrx_word' id='word_1_361' title='bbox 1781 4840 2036 4986; x_wconf 69' lang='lat' dir='ltr'>inaequaliter</span> 
     </span>
     <span class='ocr_line' id='line_1_38' title="bbox 860 4989 1983 5042; baseline -0.012 13"><span class='ocrx_word' id='word_1_362' title='bbox 860 5007 864 5012; x_wconf 40' lang='lat'>¹*</span> <span class='ocrx_word' id='word_1_363' title='bbox 1914 4989 1983 5042; x_wconf 81' lang='lat' dir='ltr'>ott</span> 
     </span>
    </p>
   </div>
   <div class='ocr_carea' id='block_1_5' title="bbox 0 0 2261 6132">
    <p class='ocr_par' dir='ltr' id='par_1_6' title="bbox 0 0 2261 6132">
     <span class='ocr_line' id='line_1_39' title="bbox 0 0 2261 6132; baseline 0 0"><span class='ocrx_word' id='word_1_364' title='bbox 0 0 2261 6132; x_wconf 95' lang='lat' dir='ltr'> </span> 
     </span>
    </p>
   </div>
  </div>
 </body>
</html>
