4566 6152
380 605 417 690 7.
441 591 603 666 variatio
628 589 817 664 distantiae
836 584 913 684 foti
936 577 1011 698 X'a
1036 615 1159 670 centro
1182 603 1220 670 Z
1245 595 1377 670 Circuli
1402 592 1476 672 dati
1504 597 1603 697 (Fig.
1627 599 1816 702 &largu-

283 745 448 796 mtutum
485 721 691 815 suppeditat
719 721 915 813 elegantiae
940 724 1195 828 plenissimum,
1231 725 1329 820 quod
1365 707 1624 822 aliquantisper
1654 753 1819 806 contem·

281 853 368 946 plari
403 874 471 923 non
497 851 680 944 ingratum
706 851 774 920 erit
799 849 1014 922 Geometris.
1040 854 1130 926 Basis
1150 855 1306 928 omnium
1322 853 1569 944 Cylindroruru
1587 859 1814 942 rariabiliutm

281 983 421 1054 variato
448 981 520 1051 situ
539 969 614 1067 soci
638 978 676 1046 X
693 973 849 1047 conitans
873 998 948 1060 est,
966 998 1094 1076 utpote
1112 1003 1207 1078 quae
1224 982 1363 1054 radium
1387 979 1515 1054 habeat
1543 987 1612 1056 NA
1627 986 1818 1080 aequalem

283 1107 402 1204 duplo
428 1106 518 1180 radii
541 1109 612 1176 ΖΑ
635 1103 767 1174 circuli
792 1103 887 1177 dati.
921 1105 1124 1204 obliquitas
1149 1132 1233 1182 vero
1257 1111 1432 1204 cuiusque
1456 1100 1641 1200 Cylindri,
1666 1117 1819 1207 eiusque

234 1211 239 1227 ⁹
281 1239 397 1310 Latus
426 1235 484 1306 vel
512 1233 600 1302 Axis
623 1231 808 1346 variabiles
833 1255 915 1308 sunt
946 1261 988 1311 ea
1026 1239 1131 1334 lege,
1155 1259 1198 1311 ut
1223 1241 1502 1350 ΒΑῇ---ΞΥΝΞΙ
1515 1239 1607 1322 ΧΑ,
1640 1261 1681 1314 et
1714 1241 1818 1314 Sinus

282 1399 401 1496 anguli
427 1400 769 1474 BAO=YNE=
784 1353 885 1521 {ff
911 1405 1098 1499 supposito
1121 1409 1234 1504 igitur
1250 1399 1328 1498 foco
1353 1407 1393 1477 X
1412 1407 1449 1480 itt
1473 1401 1657 1482 infinitum
1679 1404 1816 1482 distan-

278 1584 315 1640 te
341 1589 361 1637 a
387 1564 473 1638 dato
498 1567 643 1640 Circulo
666 1573 818 1656 AUNV.
842 1571 1012 1664 Cylinder
1035 1571 1079 1646 lit
1103 1570 1422 1672 infinite-longus,
1444 1573 1507 1648 sed
1528 1595 1668 1658 rectus,
1698 1593 1815 1672 quum

275 1752 318 1803 eo
344 1753 425 1806 casu
450 1686 521 1852 {l}
549 1735 595 1807 sir
625 1739 717 1810 ratio
752 1741 1003 1836 aequalitatis.
1038 1738 1135 1815 Dum
1163 1730 1265 1832 form
1297 1743 1336 1812 X
1362 1765 1409 1815 er
1440 1743 1586 1817 infinito
1616 1741 1836 1837 procedent

273 1899 421 1974 accedat
444 1901 492 1972 ad
516 1904 570 1986 Ε,
592 1903 786 1999 obliquitas
810 1929 948 2002 semper
969 1926 1144 1998 augetur,
1172 1902 1288 2002 fitque
1312 1909 1463 2002 angulus
1488 1904 1741 2000 BAO=45⁰.
1768 1901 1815 1976 sl·

273 2047 320 2098 ve
355 2031 581 2112 semitectus,
604 2033 748 2128 quando
771 2037 815 2108 sit
832 2028 930 2138 fhcur
954 2037 990 2106 in
1017 2035 1082 2116 X',
1115 2055 1154 2108 et
1188 2037 1388 2106 Aler'N
1410 2055 1450 2108 uc
1474 2034 1671 2128 diagonalis
1692 2031 1738 2102 ad
1763 2029 1813 2102 la·

270 2172 326 2226 tua
352 2155 553 2248 Quadrati.
576 2161 633 2232 Fit
659 2163 804 2256 angulus
828 2163 923 2236 idem
947 2161 1186 2258 Bao=30⁰
1204 2157 1336 2256 focoX
1355 2184 1561 2237 transeunte
1577 2165 1612 2234 in
1631 2159 1815 2234 E'.Dein·

279 2303 363 2374 ceps
388 2285 642 2380 progrediente
661 2282 742 2379 ftrco
763 2291 809 2362 ab
833 2296 864 2363 Ε
889 2315 1008 2364 versus
1033 2295 1092 2370 Ν,
1115 2293 1305 2386 obliquitas
1330 2295 1479 2374 emerit,
1508 2291 1624 2386 fitque
1656 2261 1811 2360 ⁴maxima

276 2411 313 2476 in
341 2412 399 2484 Ν,
424 2412 482 2478 ubi
510 2414 654 2499 angulus
679 2421 768 2485 Bao
793 2419 829 2486 in
856 2417 1003 2487 nihilum
1029 2419 1124 2496 abit,
1150 2439 1188 2488 et
1213 2417 1512 2512 Semisuperficies
1533 2415 1736 2508 Cylindrica
1771 2415 1810 2483 in

271 2533 418 2604 Planum
447 2535 605 2606 vertitur
627 2532 775 2608 formam
801 2533 935 2608 babens
957 2539 1273 2632 parallelogrammi
1299 2543 1401 2610 mixti
1425 2537 1658 2618 LAGD'NM,
1675 2558 1810 2630 aequa-

279 2656 321 2726 lis
345 2653 453 2746 duplo
477 2654 652 2745 Quadrati
676 2679 797 2724 rectae
823 2643 911 2732 Ns's',
937 2664 1016 2734 aive
1039 2665 1205 2736 diametri
1229 2667 1308 2736 AN
1324 2663 1456 2736 OErculi
1489 2661 1566 2736 dati
1600 2663 1698 2755 (29)·
1731 2661 1812 2759 Quo

268 2783 305 2854 in
325 2803 405 2853 casu
424 2780 616 2876 praecipue
635 2777 874 2852 adnotandum
900 2801 1038 2876 partem
1065 2782 1259 2878 quamlibet
1283 2783 1446 2856 Summae
1469 2803 1645 2858 rectarum
1670 2806 1717 2854 ex
1734 2777 1815 2875 fhco

270 2909 312 2981 N
332 2915 367 2983 itt
393 2910 551 2992 arculos,
576 2912 629 2984 uti
655 2909 702 2982 ab
728 2907 828 2980 aad
854 2915 908 2988 δ’,
930 2903 1118 3006 aequalem
1150 2933 1223 2982 esse
1247 2911 1458 3008 homologae
1493 2917 1587 3010 parti
1621 2914 1812 2988 Parallelo·

269 3040 417 3138 graphi,
438 3041 600 3112 nimirum
627 3039 764 3112 ΑΩΞΝ
770 3062 832 3102 ==
843 3031 1297 3136 Nsspr'zrtamz-z-
1308 3044 1381 3114 NA
1390 3043 1489 3113 ‚Aac
1508 3043 1716 3136 Absumptis
1729 3065 1812 3136 gra·
1904 3125 1905 3128 Ἴ

271 3169 373 3240 dibus
398 3166 556 3236 omnibus
579 3165 799 3262 obliquitatis
824 3166 984 3258 Cylindri
1009 3168 1045 3240 in
1064 3190 1244 3262 progressu
1262 3161 1342 3263 fisci
1364 3173 1417 3253 X,
1429 3167 1483 3250 X',
1511 3188 1583 3240 etc.
1607 3189 1708 3241 extra
1733 3169 1811 3244 Cir·

133 3315 138 3326 ·
272 3297 417 3376 culum,
443 3292 560 3364 denuo
584 3295 708 3388 incipit
734 3293 920 3390 homologa
941 3294 1191 3390 obliquitatum
1209 3299 1312 3368 series
1329 3299 1549 3390 procedente
1564 3292 1641 3390 foco
1667 3325 1688 3373 a
1719 3323 1808 3400 puts·¹

274 3443 336 3495 cto
363 3423 403 3492 N
426 3442 534 3533 ueque
560 3419 604 3496 ad
630 3430 667 3493 Z
692 3425 860 3494 Centrum
886 3421 1040 3494 eiusdem
1065 3423 1196 3498 Circuli
1221 3424 1296 3496 dati
1318 3423 1808 3514 AUNV.Consultiseteuiru
1840 3505 1848 3520 ,

272 3547 433 3618 formulis
467 3549 717 3622 universalibus
741 3545 774 3642 §
799 3540 878 3642 3³³„
904 3552 931 3621 si
958 3543 1056 3643 forus
1080 3551 1117 3621 in
1152 3573 1285 3644 puncto
1307 3543 1581 3629 rr'statnarur.
1613 3555 1683 3624 erit
1719 3575 1811 3623 sem·

273 3697 339 3768 per
369 3675 457 3744 AX‘'
483 3673 572 3745 latus
597 3698 655 3746 seu
680 3679 753 3748 axis
776 3675 934 3764 Cylindri
959 3675 1102 3761 scaleni,
1121 3681 1183 3774 qui
1196 3677 1347 3774 gaudeat
1371 3682 1501 3774 angulo
1519 3679 1743 3776 obliquitatis
1758 3679 1814 3750 Si·

837 3814 856 3841 lt

272 3857 528 3910 num-rectum
556 3797 918 3962 ὴεθεηιίςεῇὲ,
945 3863 984 3918 et
1014 3845 1111 3916 cuius
1144 3845 1350 3942 Superliciei
1375 3843 1560 3922 dimidium
1591 3845 1805 3938 (exsistente

271 4000 393 4075 eadem
421 4005 494 4075 Bari
521 4005 666 4094 ELAC)
691 4001 867 4099 adaequet
891 4013 1062 4084 Summam
1088 4033 1262 4086 rectarum
1289 4015 1548 4086 innumerarum
1574 4010 1661 4091 ΧΨ,
1687 4032 1759 4082 etc.
1786 4035 1808 4086 a

273 4153 406 4227 puncto
431 4127 489 4202 Jr'
514 4133 810 4233 itrtraHCircolum
837 4137 949 4208 veluti
967 4135 1043 4231 soro
1076 4143 1374 4236 digredientium,
1409 4161 1448 4210 et
1482 4143 1519 4208 in
1553 4140 1672 4208 solitos
1705 4160 1806 4209 arcus

271 4267 328 4331 SV
348 4259 490 4332 infinite
517 4248 642 4353 parvos
666 4261 874 4334 ductarum.
899 4263 1008 4338 Iidem
1033 4245 1252 4362 obliquitatis
1277 4265 1426 4359 grados,
1449 4265 1512 4357 qui
1537 4264 1748 4354 amplissimo
1764 4265 1805 4336 li·

272 4391 349 4458 miti
376 4392 597 4461 conveniunt
621 4413 640 4460 a
662 4381 741 4480 fam
764 4393 803 4460 Χ
821 4388 992 4464 infinities
1015 4414 1151 4464 remoto
1174 4415 1285 4489 usque
1308 4391 1350 4464 ad
1377 4411 1543 4486 punctum
1578 4391 1638 4474 Ν,
1670 4404 1803 4463 conve*

220 4603 222 4608 ι
275 4513 376 4585 niunt
402 4519 508 4588 etiam
533 4517 638 4590 limiti
665 4519 857 4592 arctissimo
881 4545 900 4592 a
926 4520 1206 4614 puncto'eodem
1240 4520 1283 4591 N
1312 4541 1423 4614 usque
1454 4517 1498 4590 ad
1532 4519 1702 4592 Centrum
1739 4527 1799 4601 Z.

274 4639 337 4711 sed
374 4643 496 4715 ordine
513 4643 682 4718 inverso.
707 4637 816 4718 Et'ea
843 4648 985 4744 quidem
1013 4651 1113 4744 lege,
1138 4671 1177 4722 ut
1201 4648 1289 4720 dato
1311 4647 1473 4741 quolibet
1498 4669 1631 4737 puncto
1655 4669 1714 4716 seu
1741 4641 1801 4738 fo·

270 4791 306 4836 to
340 4760 412 4839 ΧΨ
445 4771 539 4842 inter
573 4777 613 4843 N
640 4798 681 4846 ae
714 4781 772 4853 Ζ,
809 4776 836 4844 si
869 4783 905 4849 in
937 4799 1113 4871 protracta
1148 4777 1323 4848 diametro
1345 4771 1540 4847 assumatur
1561 4789 1640 4868 post
1666 4775 1797 4841 Rectus

269 4893 468 4982 AX'“,AN
495 4903 601 4976 tertia
638 4901 730 4976 w
763 4901 964 4980 harmonice
996 4907 1263 5004 proportionalis
1297 4904 1401 5000 (30),
1433 4903 1554 4979 futura
1588 4917 1725 4986 semper
1747 4893 1794 4962 sit

1563 5017 1754 5111 obliquitas
