4480 6112
700 563 707 574 .
1623 470 1700 583 1⁶3

233 609 430 705 portionalis
464 610 560 680 inter
591 603 839 677 Differentiam
874 607 1070 702 Tangentis
1107 609 1217 681 Arent
1250 610 1420 704 genitoris
1453 611 1497 682 ab
1530 614 1603 706 ipso
1640 619 1758 698 Areo.

233 761 271 812 et
305 737 517 809 Distantiarn
556 737 620 801 VX
647 733 810 806 chordae
846 738 1003 806 eiusdem
1043 743 1156 807 Arcus
1191 761 1209 806 a
1247 759 1373 808 centro
1408 741 1565 818 circuli,
1603 743 1759 834 Superfi-

232 867 301 936 cies
335 859 531 935 Semisolidi
568 861 674 952 dupla
715 863 786 932 erit
821 885 923 934 areae
965 865 1096 936 Circuli
1142 864 1253 936 media
1295 865 1355 936 illa
1400 865 1511 936 veluti
1548 868 1661 937 Radio
1696 870 1759 939 de·

229 995 382 1086 scriptia
425 1009 463 1060 et
504 991 640 1078 integra
682 985 791 1058 Solidi
831 987 1039 1080 superficies
1083 993 1191 1080 ipsius
1233 992 1368 1062 Circuli
1416 995 1617 1088 quadrupla
1663 1001 1760 1078 erit.

229 1089 525 1214 quemadmodum
569 1116 613 1183 de
649 1117 786 1208 integra
832 1114 1008 1208 sphaerae
1049 1117 1244 1207 superficie
1285 1127 1394 1195 relata
1430 1129 1474 1196 ad
1516 1131 1641 1198 Aream
1685 1127 1762 1198 Cit-

229 1248 303 1318 culi
330 1247 469 1317 maximi
497 1243 725 1316 Archimedes
749 1245 911 1320 invenit.
931 1243 1148 1318 Archimedis
1168 1247 1328 1342 profecto
1355 1251 1490 1324 theoria
1519 1277 1630 1333 unare,
1648 1273 1758 1346 atque
1835 1261 1840 1270 '

228 1373 439 1450 facillimus,
466 1391 504 1443 et
523 1375 709 1467 singularis
734 1399 829 1448 castra
855 1399 907 1450 est
931 1381 1122 1470 superioris
1158 1379 1362 1459 doctrinae,
1399 1383 1433 1450 in
1473 1385 1761 1474 supplementum

186 1529 188 1534 ·
229 1503 443 1572 Geometrae
469 1501 580 1572 Siculi
606 1502 855 1576 iamduduma
884 1529 938 1576 me
966 1509 1118 1576 inventis
1144 1507 1285 1578 additae
1322 1509 1543 1590 T'orrieellii,
1577 1510 1757 1601 Hugetaii.

228 1629 390 1712 Petenti,
416 1631 640 1726 aliorumque
668 1629 791 1725 (389),
816 1633 1006 1727 extoquod
1032 1635 1127 1704 Arcu
1156 1639 1236 1705 ACI
1257 1657 1429 1706 converso
1454 1639 1489 1705 in
1516 1635 1759 1726 Quadrantem

228 1820 355 1900 Actu,
382 1815 426 1890 fit
451 1822 644 1900 XV==0,
670 1843 712 1892 ac
738 1820 903 1914 Tangeris
929 1761 1321 1906 PA=AE=0Q
1360 1841 1399 1892 et
1438 1819 1570 1892 idcirco
1610 1821 1759 1900 (PA-

226 1977 804 2160 πῶμεν-(ἕψω)
937 1981 1021 2048 Μ’

1115 1900 1138 1949 0

551 2121 575 2170 Ο
818 2058 1022 2172 ο--ε-Β-
1042 2075 1050 2098 ·
1069 2039 1283 2122 o==XA²,
1311 2061 1435 2133 nempe
1462 2036 1668 2132 Supetficies
1683 2037 1760 2107 He·

226 2221 457 2315 misphaetica
485 2225 593 2316 dupla
620 2229 753 2298 circuli
791 2229 953 2308 maximi.
982 2249 1019 2297 et
1042 2225 1230 2320 sphaerica
1257 2227 1414 2301 eiusdem
1441 2227 1572 2297 Circuli
1598 2181 1756 2316 quadro*-

228 2345 285 2434 pla
311 2346 436 2436 (390).
461 2349 592 2416 Eadem
619 2373 711 2419 nova
738 2352 875 2418 theoria
913 2351 1186 2420 fundamentum
1222 2373 1273 2420 est
1308 2373 1456 2442 quoque
1489 2351 1760 2418 diniensionisa

228 2492 285 2540 nte
312 2471 395 2541 alibi
422 2470 573 2542 traditae
598 2473 702 2564 (39¹)
728 2472 836 2542 Tholi
863 2473 956 2544 illius
983 2477 1017 2542 in
1046 2474 1301 2545 Architectura
1329 2475 1434 2544 medii
1461 2477 1565 2553 aeti,
1592 2495 1629 2544 et
1665 2473 1757 2544 Ger·

224 2601 410 2676 martorum
437 2619 475 2668 re
500 2599 746 2672 aedificatoria·
772 2603 1057 2693 praestantissimi
1083 2600 1212 2694 (392),
1238 2623 1346 2694 quem
1374 2603 1455 2671 Itali
1481 2603 1592 2694 vulgo
1625 2623 1760 2670 nutrcu·

223 2743 309 2814 pant
333 2745 357 2791 a
381 2743 618 2802 serenatum,
645 2727 739 2794 Galli
789 2751 832 2796 en
855 2721 1091 2816 rim-point,
1120 2733 1177 2799 vel
1204 2727 1488 2818 ogivrmngim,
1511 2749 1556 2798 ex
1577 2729 1761 2798 Germani·

222 2872 266 2924 co
292 2851 403 2924 verbo
426 2874 495 2942 rag
518 2849 664 2938 (oeil),
692 2854 881 2946 minusque
907 2851 1004 2924 docti
1031 2855 1227 2926 Gothicum
1254 2853 1432 2946 adpellare
1459 2875 1671 2926 sueverunt.

320 2985 382 3072 503
408 2981 509 3050 Aliae
534 2979 715 3050 clairautii
743 2980 878 3054 Lineae
903 2979 948 3054 ab
972 3002 1016 3052 eo
1041 2982 1308 3054 animadversae
1335 2984 1369 3052 in
1396 3003 1495 3054 usum
1515 2981 1652 3054 Deliaci
1673 2982 1759 3052 Pro·
1894 2995 1900 3004 ·

222 3109 386 3182 blematis
413 3129 478 3178 nee
504 3088 673 3177 minorem
699 3109 914 3202 elegantiam
940 3107 1129 3192 obferunt,
1156 3135 1220 3184 nee
1246 3113 1358 3182 minus
1383 3114 1531 3186 idoneae
1557 3133 1639 3184 sunt
1665 3113 1760 3180 Geo-

221 3235 375 3310 metriae
403 3233 685 3327 promovendae.
711 3234 825 3304 Hasce
851 3238 984 3304 etenim
1009 3239 1145 3308 Curras
1182 3241 1265 3308 dum
1300 3242 1407 3330 longo
1443 3261 1602 3334 tempore
1640 3241 1760 3332 elapso

222 3367 343 3438 Lineis
369 3363 436 3433 illis
461 3383 723 3454 compararem,
748 3382 844 3454 quae
869 3387 889 3432 a
915 3364 1042 3436 Carolo
1067 3365 1265 3434 Renaldino
1284 3367 1457 3434 Mediceae
1475 3367 1592 3437 dictae
1611 3365 1761 3438 fuerunt

222 3497 260 3568 in
287 3495 406 3586 Opere
432 3493 569 3564 Patavii
595 3491 694 3562 edito
711 3512 804 3561 anno
823 3485 941 3558 MDC
956 3489 1117 3570 LXXm⁰.‚
1142 3492 1198 3559 cui
1219 3492 1363 3561 titulum
1384 3487 1471 3562 fecit
1490 3497 1666 3562 Geomerra
1684 3511 1759 3580 pra·

221 3644 334 3698 martra
359 3621 488 3714 (393),
522 3642 589 3690 non
624 3621 726 3712 potui
759 3619 848 3714 quin
886 3619 1123 3690 Clairautium
1161 3617 1380 3707 impuberem
1415 3617 1613 3688 Renaldino
1643 3613 1762 3686 admo·

222 3751 428 3830 domenii,
454 3768 491 3818 et
517 3749 668 3838 primum
693 3749 728 3816 in
753 3749 894 3828 Pisana,
919 3746 1049 3818 deinde
1075 3747 1111 3816 in
1137 3745 1307 3816 Patavina
1332 3744 1525 3816 Academia
1551 3746 1759 3814 Antecesso·

222 3883 254 3952 ri
282 3879 408 3971 (394).
435 3873 670 3970 praeferrem.
697 3877 772 3947 Suis
796 3877 860 3946 iste
895 3875 990 3946 novis
1026 3875 1162 3954 Lineis,
1198 3892 1236 3944 et
1273 3871 1462 3944 Mediceae
1495 3873 1609 3964 stirpis
1648 3869 1758 3961 regali

221 4027 358 4078 tessera
385 4005 588 4084 decoratis,
612 4001 823 4074 adnumerat
849 4004 921 4072 eine
949 4005 1088 4073 nornine
1114 4022 1187 4072 tam
1213 4023 1290 4072 eam
1316 4001 1532 4092 aequatione
1552 3987 1756 4069 distinctam

224 4135 270 4208 x²
287 4135 386 4210 xlx
399 4129 531 4222 ιη’,
558 4133 722 4202 nimitum
749 4127 989 4224 Hyperbolam
1009 4127 1167 4200 conicam
1187 4129 1444 4222 aequilateram
1465 4127 1757 4207 vetustissimam,

177 4291 178 4294 ¹
224 4285 334 4356 quam
369 4257 813 4350 aliam-bx-x²=p²,
839 4255 1009 4328 videlicet
1035 4256 1239 4348 Circolum.
1267 4257 1420 4347 Reliqua
1446 4251 1655 4348 perlegenti
1681 4253 1758 4322 Ho-

224 4393 407 4462 ratianum
433 4387 523 4461 illud
548 4387 653 4458 facile
679 4389 836 4459 occurrit
861 4385 953 4482 Quid
975 4385 1112 4476 dignum
1136 4399 1234 4454 tauro
1251 4374 1349 4470 seret
1365 4383 1419 4452 hir
1433 4381 1614 4472 promissor
1634 4381 1758 4452 Maru?

101 4549 105 4556 ·
225 4515 309 4586 Oh!
334 4539 442 4606 quam
467 4519 579 4608 impar
604 4515 791 4586 Renaldini
818 4517 915 4584 labor
940 4535 1023 4606 prae
1049 4509 1330 4604 ingeniosissimis
1362 4511 1489 4580 Curvis
1515 4531 1595 4582 ante
1621 4513 1758 4602 ipsum.

222 4643 365 4714 seilicet
389 4663 479 4710 anno
505 4639 751 4714 M.DC.LlV⁰.
776 4666 795 4714 a
821 4639 1021 4714 Christiano
1046 4637 1217 4733 Hugenio
1240 4638 1486 4730 contemplatis
1517 4639 1553 4710 in
1577 4633 1760 4728 Opusculo

223 4769 335 4842 cedro
359 4765 492 4860 digno,
517 4768 577 4840 eni
603 4771 748 4842 titulum
773 4768 861 4844 fecit
888 4771 1073 4842 illustrium
1096 4769 1302 4862 quarundam
1334 4768 1578 4838 problematum
1611 4781 1759 4836 constru-

222 4899 369 4970 triones!
395 4895 584 4967 Linearum
608 4898 794 4970 Clairautii
814 4901 944 4990 prima,
961 4921 1071 4995 quam
1090 4897 1280 4970 medianam
1298 4895 1526 4965 Parabolr'cam
1541 4911 1668 4962 auctor
1686 4891 1759 4974 ipse

223 5027 391 5112 noeane,
408 5004 662 5121 suppeditatur
686 5025 730 5101 ab
755 5027 982 5123 Aequatione
999 5021 1360 5122 x⁴-a²at'ra²y²
1376 5041 1488 5110 zo,
1512 5019 1548 5095 in
1566 5017 1664 5110 signo
1684 5032 1760 5084 tata·

1630 5161 1708 5216 tum
