4446 6136
1601 457 1681 548 119
1829 495 1833 504 -

213 597 278 644 anes
311 565 413 670 (262)
439 573 571 666 pariter
604 575 808 666 pertinent,
845 573 959 645 ueluti
990 574 1309 678 pseudoparadoxan
1341 576 1493 648 alterum
1527 578 1663 652 innuit.
1697 584 1737 651 ln
1804 643 1807 648 .

1209 707 1254 772 dz
1266 695 1345 790 ssi

1108 854 1430 960 tszvecfz-ca

206 1071 270 1120 cus
296 1048 527 1144 Hyperbolae
553 1073 746 1124 mensuram
771 1049 947 1146 significet
972 1028 1023 1126 uti
1094 996 1429 1134 Q,
1453 1054 1545 1126 idest
1572 1077 1616 1127 err
1642 1057 1736 1128 Casi-

1089 1145 1393 1248 lsaazafz-zz

208 1283 278 1358 bus
304 1287 339 1360 iu
367 1285 504 1358 Tabula
530 1287 776 1381 contemplatis
801 1289 883 1361 111⁰·
908 1312 950 1360 ac
974 1289 1065 1370 V'..
1091 1285 1175 1358 tv0.
1198 1307 1239 1360 et
1264 1285 1349 1357 Vl⁰.
1375 1288 1420 1358 sit
1447 1310 1522 1360 tam
1557 1285 1735 1364 Differen-

207 1415 280 1491 tia,
306 1433 414 1504 quam
440 1414 576 1484 Summa
602 1414 751 1488 duorum
778 1418 1021 1510 Elliptieorum
1046 1416 1204 1486 Arctum
1231 1416 1448 1506 geometrice
1484 1415 1733 1504 testificabilis.

207 1536 296 1608 Inde
329 1557 429 1630 patet
454 1539 553 1634 quod
576 1565 597 1614 a
622 1541 782 1614 doctrina
809 1545 879 1634 ipra
905 1545 1046 1615 Ptrealii
1070 1545 1170 1612 reete
1195 1543 1531 1634 ritequeprr'pensa
1557 1564 1596 1616 et
1618 1544 1735 1618 divite

207 1661 308 1736 sacta
333 1687 542 1738 enascantur
566 1669 695 1740 eximia
722 1671 788 1740 illa·
808 1669 1049 1742 Theorentata
1074 1668 1120 1740 de
1144 1669 1382 1740 summissus
1407 1666 1625 1742 Differentiia
1650 1695 1734 1764 geor

209 779 253 828 eo
278 757 371 828 enlm
398 758 554 846 consistit
581 778 624 826 ex
650 753 706 848 §⁰.
732 762 836 850 33¹⁰.;
863 758 961 852 quod
988 760 1027 836 el
1494 760 1643 834 eandem
1671 766 1738 832 Ar·

204 1793 355 1862 metrice
377 1793 599 1888 adsignandis
622 1797 787 1870 Arcuum
812 1797 1037 1892 quorundam
1062 1795 1220 1868 eiusdem
1245 1793 1473 1886 Hyperbolus
1498 1795 1551 1864 tel
1569 1797 1734 1889 Ellipreot
1853 1889 1857 1900 ἱ

141 1951 148 1964 ·
204 1939 264 1988 seu
300 1918 517 1995 diversatum
553 1925 836 2020 Hyperbolatum
874 1910 1123 2019 Ellipsiu'mum
1158 1943 1255 2018 quae
1281 1923 1411 2014 primus
1442 1921 1600 1996 omnium
1626 1923 1736 1994 lulius

205 2045 387 2140 Fagnunut
413 2047 539 2137 (268).
563 2075 605 2128 ac
628 2053 853 2148 postmodum
879 2055 1089 2126 Vincentius
1113 2053 1284 2122 Riceetus
1307 2045 1429 2140 (269),
1449 2047 1648 2120 Leonanlus
1667 2051 1735 2122 Eu·

204 2169 297 2245 strui
333 2173 458 2276 (uzu),
493 2183 645 2280 loannes¹
669 2182 899 2254 Alembertus
934 2181 1059 2276 (uzu),
1094 2199 1132 2252 et
1169 2177 1374 2272 nuperrime
1408 2175 1567 2246 Andreae
1606 2175 1737 2246 Lexel«

204 2295 272 2366 lius
307 2295 411 2388 (uzu)
447 2323 575 2392 magno
607 2305 798 2391 Analysena
829 2303 1054 2375 incremento
1086 2308 1334 2393 protulerunt,
1368 2322 1407 2369 et
1432 2302 1737 2371 demonstrarunt.

207 2417 377 2492 Ceterum
402 2419 633 2495 Alembertus
650 2443 738 2496 toto
761 2427 840 2495 iure
863 2425 1050 2517 redarguit
1075 2415 1309 2500 vincentium
1335 2427 1526 2494 Riccatunu
1563 2445 1608 2493 eo
1642 2425 1736 2508 luci,

1143 2563 1165 2607 a·

986 2610 989 2618 .
1087 2643 1164 2687 Η
1529 2597 1548 2659 k

910 2625 1659 2832 (fflex)k‚dx(na-÷nx)7><
1751 2723 1758 2740 ¹

1125 2847 1183 2904 ''a'‘

203 2715 276 2798 quo
301 2701 492 2796 Integralr'a
514 2701 808 2808 differentialium
836 2708 890 2778 dx

909 2871 1121 2962 (m-lax)

438 3009 458 3054 a·
818 2991 837 3056 l
1173 3015 1192 3058 r

201 3071 501 3180 (ee-leallss,
527 3073 853 3183 dalea-luas?
878 3072 1266 3185 (a-aems'fab
1284 3085 1654 3172 arcubusSee'tinnun
1668 3097 1738 3172 Co·

201 3223 360 3292 nicarum
384 3215 586 3310 dependere
611 3211 862 3297 uniuersaliter
885 3227 1124 3303 existimauit,
1162 3247 1276 3320 quum
1316 3225 1383 3296 luoc
1420 3226 1482 3295 nisi
1518 3223 1735 3319 quibusdam

201 3347 459 3440 exponentium
493 3348 571 3424 k,r
603 3345 864 3419 conditionibus
899 3353 1018 3444 positis
1057 3374 1181 3421 verum
1207 3375 1277 3422 esse
1306 3371 1460 3444 nequeat
1485 3351 1610 3445 (223).
1635 3352 1733 3426 Nou·

201 3475 296 3546 nulla
326 3475 434 3544 etiam
460 3469 754 3566 recte'indigitat
777 3475 942 3546 evitanda
974 3479 1017 3546 in¹
1047 3477 1111 3546 iata
1146 3477 1377 3568 integralium
1404 3477 1562 3547 theorice
1587 3479 1735 3550 Furmu·
1775 3503 1777 3510 ·

200 3601 315 3672 larum
343 3597 535 3669 Tractatum
568 3595 674 3670 lsaati
710 3597 876 3674 Nentnni
901 3603 943 3674 de
973 3607 1194 3698 Quadratum
1216 3611 1398 3672 Garunnam
1423 3603 1581 3692 pericula
1609 3603 1732 3692 (214),

200 3751 222 3797 a
255 3745 290 3795 se
322 3721 442 3797 adhuc
478 3721 701 3798 adoleseent'e
725 3729 833 3802 etiam
858 3731 946 3802 alia's
968 3739 1115 3826 experta
1143 3752 1218 3800 tuns
1246 3751 1360 3823 quom
1386 3752 1503 3798 coram
1537 3727 1732 3802 Academia

200 3853 434 3923 Scientiarum
468 3849 650 3924 Parisien'si
676 3851 817 3926 'errores
847 3857 989 3952 aliquot
1020 3859 1308 3952 oppugnaverit,
1341 3857 1375 3926 in
1407 3877 1499 3950 quos
1524 3857 1634 3950 lapsus
1659 3853 1731 3928 suit

202 3979 247 4050 de
266 3980 420 4052 Mathesi
441 3984 574 4074 optime
596 3959 741 4051 meritus
760 3979 945 4072 Reyneaus
964 3987 997 4056 in
1015 4011 1073 4058 sua
1093 3985 1235 4076 Analysr'
1252 3986 1480 4056 demonstrata
1498 3983 1623 4076 (225).
1648 3985 1730 4074 Qua

202 4107 246 4176 de
273 4132 310 4179 re
337 4125 519 4202 nunquam
545 4111 629 4178 satis
653 4109 816 4182 laudandi
835 4114 1134 4184 commentatores
1156 4113 1297 4182 Miu'tmi
1314 4112 1563 4199 'Principiorant
1590 4111 1732 4180 Newto·

203 4237 260 4314 ni,
285 4237 349 4330 qui
374 4259 419 4305 eo
444 4238 518 4330 ipso
543 4237 720 4313 Tractatu
746 4228 859 4309 aureo
882 4257 1018 4328 semper
1042 4237 1134 4307 duce
1161 4241 1338 4307 Elementa
1362 4235 1486 4306 Calculi
1512 4231 1731 4325 Integralr'am

201 4366 412 4455 scripserunt
436 4357 695 4458 absqueoquod
721 4335 855 4440 nullum
882 4341 1091 4433 ostirrderlnt
1115 4365 1319 4454 scopulum,
1358 4383 1423 4431 nec
1448 4359 1530 4432 ideo
1553 4383 1572 4433 a
1599 4359 1731 4432 verita·

204 4508 242 4592 te
279 4487 523 4574 aberraverint
560 4489 690 4588 (226).
726 4491 971 4564 Fundamenta
1005 4512 1120 4561 novae
1157 4487 1428 4569 methodisuae
1464 4487 1728 4562 aMaclaurino

200 4615 381 4706 sumpsisse
409 4619 656 4700 Aletubertum
676 4644 779 4694 nemo
795 4619 931 4691 inficias
950 4618 1036 4698 ibit,
1055 4619 1118 4710 qui
1137 4613 1429 4688 animadverterit
1448 4639 1544 4688 usum
1566 4618 1725 4714 aliquem

200 4741 246 4814 ab
278 4740 398 4834 Anglo
432 4741 506 4838 ipso
538 4723 728 4824 Geomette
761 4745 897 4822 factum
931 4744 1037 4822 fuisse
1072 4745 1245 4822 formulae
1281 4745 1396 4823 Arcus
1434 4747 1599 4842 Ellipseos

1500 5097 1504 5106 ⁵
1639 4866 1695 5033 s
