4506 6136
567 435 591 494 2
604 438 652 496 12

604 555 664 648 64.
690 557 763 634 Tot
789 569 980 646 tantosque
998 549 1140 632 fruetus
1163 576 1183 624 a
1208 553 1382 642 promotis.
1399 549 1547 622 circulis
1573 550 1699 648 aliisve
1725 553 1857 625 Cattis
1883 556 1919 630 it't
1945 581 2050 638 ante·

513 703 648 754 cenum
673 681 904 770 collegimus,
933 699 977 750 ut
1009 675 1247 748 fundamentis
1282 650 1505 764 §pitheem
1516 680 1758 768 geometricae
1786 681 1876 754 haee
1907 709 2054 778 promo.

514 809 710 888 vendanum
724 791 947 896 Figuratum,
966 825 1020 874 ate
1045 801 1305 874 adnumeranda
1323 805 1406 872 iure
1431 803 1494 881 sit,
1530 805 1804 897 proximamque
1840 827 1962 885 teneat
1996 839 2049 888 se·

514 927 1107 1023 dem,prineipioioeeundiesimm
1135 929 1234 1020 quod
1259 947 1388 1003 vocant
1412 927 1689 1016 superpositionis
1714 933 1903 1006 Planotutn
1923 939 2044 1032 (5t'o)‚

514 1059 671 1148 ususque
696 1043 1165 1152 etiamspenqttemntexitdi
1183 1054 1433 1133 insolidorunt
1457 1051 1724 1128 eddresiunibus
1744 1056 1851 1131 facile
1876 1056 2044 1158 detegen-

295 1227 299 1241 ·
384 1275 389 1282 Ι
517 1183 576 1276 di,
602 1205 748 1266 mutuae
772 1179 1444 1286 eorum,compmertitioaitmypotltesi
1469 1180 1616 1250 a'dmitsa
1644 1183 1770 1276 (515).
1796 1187 2044 1266 Dum'adhue
2151 1169 2153 1174 ⁵

518 1333 609 1402 puer
633 1312 777 1390 delicias
803 1311 1004 1390 Matlttseus
1027 1323 1210 1384 aestuante
1237 1307 1493 1380 tlelu'tiattimo
1518 1311 1779 1401 prosequebar,
1806 1315 2043 1412 Perseumqne
2139 1303 2145 1320 ’

520 1439 783 1534 Geminumque
809 1437 985 1526 eediqitos
1008 1437 1130 1530 (514),
1143 1433 1302 1528 3Eudlldis
1316 1433 1585 1506 Elementorum
1604 1436 1779 1504 xvimam
1795 1439 1916 1532 (515),
1936 1444 2045 1535 Apol.

519 1566 615 1669 lonii
631 1566 725 1636 Loca
750 1567 970 1642 Conitdrtdml
984 1561 1248 1654 difficillimam
1258 1557 1335 1643 16),
1351 1559 1494 1650 alitque
1511 1567 1682 1630 sexcenta
1694 1563 1735 1630 iu
1748 1563 1867 1636 lucem
1885 1569 2043 1660 aliquane

522 1689 570 1764 do
593 1693 768 1784 publicam
793 1693 901 1774 edere
924 1711 1166 1783 potae-mente
1189 1685 1415 1768 volutabam»
1438 1687 1550 1756 mltlta
1574 1685 1620 1774 de
1646 1709 1855 1780 argumento
1889 1693 1954 1762 illo
1986 1719 2042 1768 no·

520 1819 926 1910 bilissimopnreveram.
945 1816 1092 1891 sortasse*
1114 1839 1183 1888 non
1209 1813 1423 1908 poenitenda
1438 1861 1448 1886 .
1465 1813 1724 1886 Promosebam
1744 1837 1800 1886 ex.
1817 1839 1871 1909 gr.
1891 1819 1928 1890 in
1948 1819 2041 1911 Apol·

522 1945 607 2016 losio
631 1945 965 2035 ntea-Hyperbolum
989 1947 1148 2018 coniciam
1173 1945 1290 2034 (ἧς’.
1314 1938 1373 2034 62.
1391 1940 1532 2031 )'snper
1557 1941 1730 2014 alterutra
1755 1921 2040 2037 Asymptot'arum

520 2077 583 2144 AB
608 2093 670 2164 per
695 2074 918 2147 intervallum
942 2071 1092 2164 quodvis
1118 2077 1207 2149 ΑΗ,
1228 2091 1272 2142 et
1303 2069 1398 2138 illico
1422 2067 1602 2160 otiqbatur
1625 2073 1726 2140 ¹tltea
1761 2069 2042 2182 infinite-longa
2097 2053 2103 2066 ’

519 2202 641 2274 FCDE
665 2196 791 2274 finitae
812 2199 1088 2294 magnitudinis,
1109 2201 1241 2291 quippe
1262 2195 1557 2287 aequalisJAaeae
1578 2195 1944 2288 Patallelogtammatis
1962 2201 2043 2271 sub·

521 2326 670 2399 iacentis
695 2329 829 2395 Gali!
843 2373 851 2402 ‚
886 2324 986 2416 quod
1009 2326 1115 2396 semel
1131 2343 1252 2416 atque
1278 2323 1428 2414 primum
1455 2321 1621 2398 tidrlunt
1643 2323 1681 2392 in
1706 2323 1830 2392 Solidis
1863 2322 2044 2394 Triumti'·

527 2449 559 2524 tl
585 2449 733 2525 illustres
759 2449 1012 2528 Torricellius'.
1038 2451 1303 2528 nominalium
1327 2468 1367 2518 et
1391 2449 1596 2522 Canalerius
1623 2447 1727 2540 (512)
1751 2449 1885 2519 sublimi
1904 2465 2042 2544 tangere

532 2578 653 2666 sydera
683 2579 808 2648 uertite
831 2596 1066 2651 censuerunt·
1089 2581 1129 2648 ln
1154 2576 1292 2662 Euclide
1316 2597 1389 2646 tneo
1412 2575 1664 2666 promovebam
1689 2573 1840 2656 (eodem
1862 2598 1995 2670 semper
2009 2579 2042 2648 in

525 2703 632 2777 Plano
657 2705 768 2784 Recta
794 2725 834 2774 ae
856 2706 979 2776 Curva
1003 2705 1245 2791 manentibus)
1269 2705 1418 2774 Rectam
1443 2701 1640 2794 quamlibet
1664 2701 1726 2772 ribi
1749 2717 1886 2796 semper
1900 2703 2041 2796 paralla-

525 2827 595 2900 lam
631 2835 703 2902 AB.
726 2851 789 2919 pet
822 2831 965 2904 Gestae
997 2833 1152 2904 cuiusvis
1177 2831 1410 2920 petimettnm
1434 2833 1529 2898 CAD
1564 2825 1759 2920 (Fig¹.'68.
1770 2833 1806 2913 ),
1830 2849 1869 2899 er
1887 2832 2037 2902 alterum

392 2993 399 3008 ·
524 2951 672 3044 quidelm
698 2967 901 3028 elttretnum
924 2964 952 3028 Β
977 2959 1110 3028 lleette
1138 2957 1243 3024 dutus
1266 2953 1632 3044 repetebat-Curvatas
1657 2953 1802 3026 eandem
1837 2957 1945 3034 ΕΒΓ,
1979 2941 2038 3024 sed

528 3097 709 3170 nunquam
734 3078 779 3148 ad
799 3086 894 3152 ΕΑΒ
919 3082 1143 3171 parallelum,
1165 3081 1393 3170 paralleliseto
1414 3079 1617 3152 Certatum
1642 3082 1679 3148 in
1702 3083 1776 3172 ipso
1799 3079 1904 3150 Plano
1928 3084 2040 3152 iaeen·

525 3204 618 3274 tium
644 3204 828 3276 exoriente
853 3207 1068 3280 solummodo
1085 3209 1130 3279 ab
1147 3209 1353 3281 evolutione
1379 3209 1488 3278 unius.
1504 3205 1733 3301 eiusdemque
1758 3209 1908 3287 Linea,
1927 3206 1962 3276 id
1982 3209 2045 3299 pri·

529 3349 625 3400 mum
647 3327 907 3404 demonstrante
919 3333 1098 3408 Leibnitio
1110 3333 1230 3430 (518).
1244 3336 1340 3406 Alibi
1353 3332 1651 3426 Log'atitltmicam
1664 3335 1912 3428 promovebam
1928 3333 2045 3426 (519),

529 3440 783 3551 Maximosque
807 3454 973 3534 facillime
997 3463 1114 3554 repeti
1139 3463 1176 3532 in
1202 3469 1312 3532 Curva
1338 3463 1466 3532 Celotis
1489 3461 1534 3531 ab
1559 3463 1688 3532 loanne
1715 3462 1873 3530 Henrico
1888 3460 2045 3529 Lamber-

529 3601 589 3663 to.
614 3606 731 3678 utque
755 3585 800 3658 ab
824 3611 915 3658 anno
937 3587 1199 3665 M.Dcc.lv·.
1229 3587 1473 3658 Halaesinorum
1506 3594 1660 3656 Actorum
1685 3591 1721 3658 in
1756 3587 1951 3657 Volumine
1984 3583 2047 3656 11⁰.

531 3710 684 3784 Basileae
710 3711 826 3793 edito,
851 3737 985 3786 summa
1008 3718 1137 3786 mentis
1162 3717 1239 3788 acie
1264 3714 1310 3792 ab
1334 3714 1502 3784 idiomate
1527 3711 1671 3800 Physica
1698 3715 1734 3784 in
1755 3711 2048 3786 Mathematicum

528 3857 628 3908 versa
654 3837 779 3925 (520).
804 3838 941 3908 Calculi
966 3836 1221 3910 Differentialis'
1247 3838 1457 3932 ope'isthue
1482 3843 1618 3930 ipsum.
1643 3839 1743 3932 quod
1766 3861 1838 3932 ego
1871 3837 2047 3910 Mathesin

528 3961 591 4030 vix
617 3959 650 4030 in
673 3959 793 4030 limine
810 3961 983 4034 salutatus
998 3965 1243 4046 obtinuerant,
1266 3984 1508 4060 consequutus
1525 3968 1595 4038 iam
1612 3986 1690 4038 erat
1708 3965 1849 4036 Auctor
1866 3965 2051 4056 egregios.

529 4107 568 4158 et
593 4087 839 4160 inventionum
863 4090 1030 4164 ubertate
1055 4111 1165 4186 atque
1189 4093 1366 4185 elegantia
1392 4093 1480 4166 nulli
1498 4091 1748 4185 comparandus
1762 4093 2052 4162 Geometratum.

530 4213 645 4285 Curva
685 4215 866 4288 Lamberti
902 4223 1024 4290 ABCD
1068 4217 1305 4314 (ermeno.)
1337 4243 1377 4292 ea
1410 4239 1489 4300 eat,
1523 4241 1620 4312 quae
1651 4220 1812 4290 abscissas
1847 4233 2053 4312 communes

528 4339 694 4422 AMF
719 4365 792 4416 ete.
821 4344 953 4418 habeat
977 4345 1113 4420 duabus
1139 4347 1410 4440 Logarithmicis
1436 4347 1658 4428 PGMJEL
1675 4345 1810 4414 diuersa
1829 4341 2054 4429 Subtangen·

530 4486 567 4536 te
595 4470 787 4558 praeditis„
805 4467 993 4546 Ordinatas
1018 4489 1105 4546 vero
1121 4470 1299 4552 lima
1324 4493 1394 4544 ete.
1425 4474 1591 4566 aequales
1624 4467 1826 4540 differentiis
1863 4465 2056 4534 Ordinato·

531 4611 606 4662 runt
633 4594 668 4660 in
695 4594 985 4684 Lagarimano,
1015 4599 1178 4671 nimitum
1204 4591 1687 4678 Fazfiofflss'z-AEG'
1708 4565 2057 4666 mosellanorum

532 4736 618 4808 ergo
656 4718 807 4788 maxima
842 4725 1022 4794 10==Ts
1043 4723 1232 4812 respondet
1257 4725 1438 4793 Abscissae
1463 4721 1709 4794 huiuscemodi
1735 4727 1818 4798 ΑΟ,
1844 4739 1883 4789 ut
1916 4739 1934 4786 a
1970 4736 2060 4803 pun·

530 4843 596 4915 etis
619 4845 710 4927 S‚T
729 4843 1071 4938 Logaritlttniettum
1095 4851 1298 4942 Tangentee
1323 4847 1454 4922 ductae
1479 4853 1548 4931 stt,
1563 4847 1626 4928 TV
1645 4853 1716 4922 sint
1740 4848 1838 4920 inter
1870 4864 1907 4917 se
1940 4837 2062 4930 patale

1890 4965 2007 5047 lelae.
