4506 6136
1508 353 1512 358 .
1588 301 1668 384 241

220 453 283 504 *ur
297 435 336 500 sd
351 425 456 500 lirsirn
475 427 637 508 rixamque
656 421 771 507 angulo
790 419 957 487 semirecto
976 411 1186 494 inclinentur,
1205 432 1301 501 atque
1321 418 1393 484 ideo
1425 417 1517 483 simul
1537 413 1735 481 occurreir'es

247 546 398 623 angulum
431 553 554 600 rectum
584 529 742 602 efficiant,
771 531 927 610 parallelis
957 529 1159 590 existentibus
1189 547 1251 606 quo
1280 527 1320 590 ad
1353 525 1491 588 Chordas
1518 525 1736 604 Quadrantum

248 649 323 719 AG,
340 643 419 717 AX,
439 661 494 714 aut
513 640 624 722 quoad
636 639 749 700 alteras
769 635 914 706 OG,0X
926 634 1256 714 perpendicularibus.
1276 631 1423 713 Tangens
1442 647 1550 696 autem
1570 634 1602 694 in
1621 645 1738 709 puncto

212 828 217 842 ⁸
242 725 447 832 ,quocumque
470 751 500 808 V
516 745 781 828 perpendicularis
800 760 922 819 semper
943 757 990 804 est
1009 757 1114 802 rectae
1133 740 1197 802 EN
1214 741 1260 802 ita
1278 738 1391 802 ductae
1410 740 1444 800 in
1463 739 1589 800 Circulo
1620 739 1739 816 genito*-

245 881 299 932 re,
319 875 357 919 ut
377 856 444 918 DN
452 855 556 914 :Az
575 853 727 914 abscissae
746 864 864 927 puncto
883 849 955 909 dato
976 845 1007 906 V
1020 847 1237 924 respondenti.
1257 845 1372 909 Exinde
1390 843 1430 908 fit
1454 843 1539 922 quod
1565 846 1592 904 si
1622 861 1737 920 puncta

241 962 334 1034 ·V,F
354 963 386 1020 in
407 979 562 1027 concava,
583 975 616 1018 et
633 974 771 1018 convexa
790 955 912 1017 Curvae
932 967 1022 1030 parte
1042 955 1119 1015 adeo
1138 957 1199 1016 sita
1226 957 1307 1024 sint,
1337 970 1375 1014 ut
1402 951 1564 1013 ordinatae
1596 949 1670 1018 VZ„
1686 949 1744 1010 Fls

248 1089 268 1129 a
289 1067 408 1144 vertice
429 1085 465 1125 ac
484 1067 550 1124 basi
571 1082 668 1140 aeque
690 1062 826 1131 distent,
856 1055 1013 1139 gaudeant
1041 1057 1262 1138 Tangentibus
1290 1059 1464 1138 parallelis.
1482 1060 1613 1136 ¹Cuncta
1642 1055 1738 1127 hacc',
1815 1074 1818 1084 ’

249 1185 313 1228 una
333 1185 405 1227 cum
425 1165 496 1225 aliis
509 1185 551 1250 'ne
571 1163 670 1224 fusior
690 1161 858 1222 fieret'iste
880 1161 1161 1226 commentariolus
1180 1165 1322 1234 omissis,
1342 1165 1480 1226 anteacti
1508 1157 1629 1226 Saeculi
1658 1165 1740 1225 Geo-

249 1286 367 1334 metras
388 1269 603 1330 adlaborantes
622 1265 713 1327 valde
733 1265 953 1334 detinuerunt,
975 1263 1050 1328 dum
1070 1265 1139 1328 heic
1160 1271 1198 1332 ab
1218 1271 1359 1346 inspecta
1378 1287 1503 1332 tantum
1533 1255 1675 1346 cylindri
1695 1290 1740 1331 re·

250 1379 296 1439 cei
314 1376 451 1437 sectione
469 1373 555 1433 illico
575 1373 742 1439 oriuntur..
762 1373 886 1462 l'itotus
904 1373 971 1452 ipse
991 1373 1161 1451 tripliciter
1179 1375 1212 1436 in
1231 1375 1322 1438 Actis
1340 1375 1532 1438 Academiae
1559 1373 1764 1458 Parisiensis·

250 1525 323 1590 anni
342 1482 602 1590 M.Dcc.xx1v¹.
622 1525 935 1604 Sosiae-cycloidis,
954 1525 1159 1606 Ungulaeque
1178 1523 1400 1604 quadraturam
1418 1529 1451 1590 in
1471 1529 1599 1607 planum
1629 1518 1740 1607 expan-

216 1687 219 1694 .
250 1653 302 1696 sae
313 1633 474 1696 ostendere
488 1649 649 1714 aggressus
668 1633 750 1706 fuit,
769 1635 898 1696 suborta
912 1632 1119 1694 Academicos
1137 1634 1221 1696 inter
1239 1635 1513 1698 excellentissimos
1524 1633 1740 1706 dubitatione,

250 1760 331 1818 quae
350 1740 507 1818 Ungulam
526 1739 626 1817 ipsam
645 1757 719 1802 cum
738 1739 902 1818 Apollonii
920 1738 1033 1800 Helice
1052 1739 1292 1806 commiscebat.

213 1891 278 1970 (90)
297 1894 485 1956 Consulatus
504 1893 682 1973 Propositio
713 1863 817 1954 L111¹².
837 1889 876 1954 ad
902 1870 1010 1978 pagm.
1029 1867 1136 1970 pff.
1166 1895 1269 1973 Operir
1302 1895 1443 1960 herculei
1473 1871 1506 1962 in
1542 1895 1740 2001 &rotatione

250 2005 330 2122 mdc,
349 2045 448 2109 fusius
468 2047 577 2109 citati.
597 2047 713 2112 Exinde
732 2063 821 2126 patet
839 2045 1069 2126 Rectangulum
1088 2047 1202 2112 IHMS
1221 2049 1496 2130 circumscriptum
1515 2051 1659 2130 Ungulae
1690 2068 1741 2111 ex-

248 2195 362 2276 pansae
381 2174 450 2261 1A's
468 2184 578 2279 (sigi
614 2177 723 2277 22³³.)
744 2217 808 2262 esse
829 2197 868 2261 ad
888 2201 1006 2262 Aream
1024 2197 1122 2278 ipsius
1141 2199 1283 2281 Ungulae
1304 2205 1355 2265 vel
1370 2223 1530 2282 supremae
1546 2204 1658 2282 partis,
1673 2221 1744 2264 ver·

251 2321 302 2365 sus
320 2305 421 2364 Artem
440 2321 613 2374 concavae,
634 2305 946 2382 Seciae-cycloidis,
966 2324 1022 2368 aur
1039 2307 1154 2370 Lineae
1176 2312 1327 2379 Sinuum,
1345 2326 1383 2369 ut
1402 2309 1459 2369 AG
1474 2331 1481 2367 ι
1499 2309 1560 2372 AD
1572 2351 1591 2378 ,-
1611 2309 1662 2368 vel
1692 2307 1744 2368 Se·
1783 2305 1786 2310 ’

253 2403 560 2470 micircumferentia
574 2406 615 2466 ad
632 2407 835 2468 Diametrum
854 2409 993 2469 Circuli.
1015 2410 1130 2471 Eadem
1150 2413 1235 2472 valet
1265 2411 1428 2490 proportio
1455 2411 1540 2474 inter
1566 2411 1743 2486 Rectangu·

215 2569 228 2586 ·'
253 2561 321 2621 lum
341 2557 616 2635 circumscriptum
637 2555 742 2618 AHlL
762 2537 865 2635 (uig'.
898 2540 996 2632 16³².)
1016 2555 1130 2619 Lineae
1151 2557 1418 2621 Tschirnhauseni
1437 2557 1471 2618 in
1489 2553 1536 2634 §2
1554 2556 1618 2619 isto
1645 2559 1742 2636 expli·

251 2679 360 2731 eatae,
391 2663 569 2739 Areamque
597 2659 706 2724 ACIH
728 2661 825 2741 ipsius
857 2659 974 2722 Lineae
1001 2662 1139 2724 clausam
1158 2667 1330 2743 perimetro
1347 2711 1354 2726 .
1374 2665 1461 2742 Quae
1475 2659 1594 2735 Linea,
1613 2679 1650 2724 ut
1669 2680 1743 2742 apte

252 2781 440 2846 generetur,
468 2783 487 2823 a
515 2763 723 2842 Quadratrice
752 2761 931 2823 Dinostrati
960 2780 997 2822 ac
1024 2761 1208 2854 Nicomedis
1236 2763 1367 2841 pendet,
1395 2767 1485 2828 cuius
1514 2789 1628 2830 nornen
1648 2787 1741 2848 penes

248 2870 385 2931 Graecos
402 2873 651 2962 rerpayrurigrar,
670 2875 734 2926 hon
752 2883 840 2926 secus
857 2883 951 2942 atque
971 2863 1008 2926 de
1029 2865 1190 2945 Apollonii
1209 2869 1335 2931 Helices
1354 2889 1391 2930 ac
1410 2872 1740 2956 Quadratricis'ipsius

248 2994 376 3061 foedere
404 3008 438 3056 et
469 2991 634 3058 harmonia
652 2989 761 3054 docuit
779 2989 1150 3072 Pappus.Alexandrinus
1167 2995 1200 3058 in
1219 2993 1431 3062 collectionum
1449 2999 1743 3068 Mathematicararn

249 3105 655 3223 rrsrrtv¹ssr10p0sarone
675 3121 844 3205 xxvm'².
957 3225 963 3230 ,

216 3252 281 3334 (91)
304 3255 356 3318 Ab
374 3251 433 3314 hoc
452 3255 549 3314 etiam
568 3252 709 3315 meritive
727 3245 941 3311 Theoremate
959 3251 1113 3315 dimensio
1133 3256 1334 3334 consequitur
1348 3259 1452 3326 facilis
1465 3263 1649 3344 Superficiei
1664 3263 1743 3328 Coni

256 3413 350 3476 recti.
371 3411 488 3486 illique
507 3405 652 3484 profecto
672 3401 846 3480 simplicior
866 3403 943 3464 alias
963 3404 1097 3468 deductu
1115 3405 1148 3468 in
1167 3410 1364 3473 adnotatione
1390 3393 1467 3490 58⁹².

217 3517 282 3598 (92)
304 3513 488 3596 Hyperbola
507 3509 717 3591 Apolloniana
745 3505 848 3568 oritur
875 3525 997 3572 erecta
1015 3511 1113 3572 Linea
1133 3515 1227 3576 semel
1247 3530 1342 3593 atque
1362 3517 1525 3594 proportio
1556 3521 1673 3582 directa
1692 3542 1742 3582 or·

257 3623 437 3686 dinararum
465 3619 731 3693 abscissarumque
760 3629 935 3692 postremae
964 3616 999 3676 in
1026 3621 1175 3680 inversam
1202 3636 1364 3682 versante.
1393 3621 1496 3683 Huius
1515 3642 1685 3701 conceptus
1703 3626 1742 3687 ad

192 3742 194 3747 ’
256 3725 509 3792 demonstrandas
529 3723 668 3786 faciliter
686 3721 881 3784 sublimiores
892 3722 1091 3801 Hyperbolae
1109 3715 1316 3808 proprietates
1335 3747 1530 3808 summopere
1549 3729 1653 3791 idonei
1677 3732 1740 3806 pri·

263 3901 318 3944 ma
348 3880 453 3943 inveni
482 3877 614 3968 uestigia
640 3876 674 3938 in
692 3875 757 3956 MS.
775 3873 960 3939 Torricellii
978 3877 1017 3940 ad
1035 3858 1140 3960 pagm.
1171 3857 1256 3958 59⁸³.
1276 3899 1310 3946 et
1327 3884 1533 3946 universalius
1548 3885 1587 3946 ad
1604 3857 1740 3962 gamma,

213 4081 217 4088 .
257 4051 352 4114 atque
383 4034 441 4098 hoc
472 4030 557 4094 idem
576 4027 774 4108 postmodum
792 4011 954 4092 adnotavit
972 4034 1144 4097 Newtonus
1163 4036 1195 4096 in
1214 4034 1261 4112 §⁰.
1280 4037 1324 4113 9⁰.
1346 4007 1453 4100 Num¹.
1474 4005 1550 4100 lvd.
1577 4037 1741 4099 Enumera-

259 4143 357 4204 tionis
370 4141 526 4202 linearum
545 4140 631 4198 tertii
650 4135 779 4203 ordinis,
812 4136 869 4194 ubi
886 4135 924 4196 de
944 4141 1039 4202 variis
1058 4143 1124 4220 agit
1144 4142 1398 4218 Hypericlismis,
1420 4161 1496 4219 quos
1524 4144 1606 4202 inter
1625 4145 1669 4202 sic
1697 4141 1742 4200 lo-

259 4247 369 4326 quitur
390 4245 460 4308 Hac
481 4248 597 4308 ratione
618 4241 710 4305 linea
731 4253 814 4303 recta
827 4244 963 4306 verritur
980 4248 1012 4308 r'n
1033 4247 1232 4325 Hyperbolum
1258 4263 1313 4310 erc.
1344 4247 1448 4322 (Vide
1467 4265 1590 4324 quoque
1610 4247 1741 4306 Adnota-

258 4399 364 4460 tionem
390 4383 507 4459 188”'¹'.
523 4396 556 4474 ),.

223 4501 288 4580 (93)
310 4505 483 4582 Antiquam
516 4517 585 4564 erat
614 4500 793 4564 Theorema
821 4503 1042 4582 cylindrorum
1061 4521 1205 4570 rectorum
1224 4493 1359 4582 exceptis
1377 4505 1505 4566 Basibus
1531 4503 1742 4580 isoperimetro·

215 4607 220 4616 '
265 4627 352 4676 rum,
374 4607 426 4667 sed
446 4609 547 4670 simile
566 4628 725 4686 nunquam
746 4607 811 4670 vidi
831 4610 869 4670 de
889 4609 1046 4683 cylindris
1075 4609 1200 4668 scalenir
1230 4605 1420 4682 expositum.
1449 4603 1657 4666 Torricellius
1686 4601 1747 4678 pri·

263 4729 353 4775 mum
373 4730 526 4778 noverat.
546 4715 742 4792 alterumque
761 4713 1047 4796 elegantissimum,
1067 4728 1101 4777 at
1119 4715 1157 4775 ab
1175 4727 1379 4792 argumento,
1398 4711 1431 4773 in
1449 4711 1518 4790 quo'
1533 4727 1656 4779 sumus,
1671 4707 1745 4767 alie·

1607 4831 1682 4874 num
1696 4853 1705 4880 ,
