4506 6136
544 409 629 492 oro

487 550 535 620 ias
559 567 630 621 etse
656 543 768 620 rectas
795 551 876 630 ΕΚ,
891 555 952 620 DL
970 571 1013 620 ex
1034 521 1245 623 Elementis.
1266 551 1424 644 Anguius
1443 547 1556 642 igitur
1572 545 2015 640 EDS==ESD=KL5‚

490 678 649 752 nimirum
686 679 793 746 etiarn
828 680 883 747 ES
915 679 1078 768 parallelo
1115 683 1198 751 KL:
1236 699 1311 770 quo
1348 678 1460 766 posito
1499 677 2013 780 SL:EK=FC=FA,

491 825 533 876 ut
559 806 593 872 in
620 800 674 890 §⁰.
696 807 808 894 59⁰⁰..
835 825 959 896 nempe
987 823 1162 874 constans.
1189 805 1279 900 Ergo
1304 801 1498 892 Epicyciois
1519 805 1736 893 ALPQCest
1755 803 2015 882 Canentis-eir·

488 929 583 1010 cuii,
606 913 715 1017 potero
740 927 870 1000 itabens
896 933 932 1002 in
958 937 1015 1012 D,
1041 931 1219 1001 Circoium
1245 931 1440 1022 genitorem
1469 931 1556 998 DSF
1577 947 1669 1004 etc..
1689 930 1916 1004 intervalium
1933 957 2013 1007 eon·

488 1071 579 1126 stans
614 1059 1007 1136 Eraetiozrrt,
1042 1054 1341 1149 quemadmodum
1378 1053 1424 1127 i⁰.'
1460 1029 1513 1124 οὐ.
1552 1056 1751 1146 expositum
1788 1053 1881 1130 fuit.
1908 1061 2012 1150 Quod

488 1173 794 1276 quumpaueit,
831 1203 870 1257 et
910 1181 1110 1254 admiranda
1144 1179 1316 1254 facilitate
1352 1165 1640 1252 demonstravisse
1680 1181 1764 1252 mihi
1803 1187 2011 1279 contigerit,

490 1332 558 1380 non
597 1311 710 1383 minus
760 1311 916 1381 mirabile
952 1309 1071 1382 iudico
1105 1309 1270 1402 Ungoiae
1303 1329 1443 1378 erectae
1485 1307 1708 1395 Cyiindticae
1752 1311 2010 1404 perimetrum,

487 1436 656 1528 Unguiae
682 1439 787 1528 ipsius
811 1438 847 1508 in
873 1435 979 1508 Plano
1003 1437 1172 1516 iacentis,
1197 1451 1234 1504 et
1259 1434 1424 1526 Unguiae
1444 1436 1559 1504 etiam
1586 1455 1647 1526 per
1672 1455 1859 1527 tangentes
1881 1460 2008 1531 expan-

489 1578 545 1634 sae
571 1567 668 1634 iuxta
695 1559 778 1654 §§⁰⁸.
810 1571 905 1654 15¹¹¹¹¹.
936 1559 1033 1634 16⁰³&
1059 1559 1174 1653 5gaun·
1200 1562 1447 1633 universaliter
1471 1564 1642 1653 consequi
1675 1559 1720 1633 ab
1757 1553 1923 1655 Eilipseos
1953 1587 2007 1632 eo·

489 1686 588 1758 nicae
628 1687 912 1760 rectificatione.
949 1688 1004 1759 De
1040 1687 1158 1782 primis
1192 1686 1325 1758 duobus
1363 1685 1400 1758 it
1425 1687 1623 1779 plenissime
1648 1688 1808 1759 ostendi.
1833 1691 2006 1762 Postrema
2069 1751 2074 1756 .

489 1831 590 1890 vero,
620 1833 734 1904 quum
761 1813 957 1904 Epicyclois
982 1815 1051 1897 sit,
1078 1815 1242 1908 Eliipseos
1267 1835 1334 1908 ope
1360 1812 1610 1911 certificatur,
1647 1835 1688 1885 ac
1723 1815 1807 1885 dum
1840 1815 2004 1904 primario

488 1933 599 2008 fuerit
623 1940 755 2022 (veluti
784 1942 817 2008 in
846 1941 934 2034 Fig².
959 1937 1064 2034 dg),
1088 1941 1309 2016 rectificatut
1333 1943 1533 2035 geometrice
1556 1937 1679 2035 (502),
1697 1963 1764 2012 non
1782 1963 1879 2014 secus
1897 1963 2003 2036 atque

484 2063 654 2152 primario
679 2067 814 2158 Cyciois
839 2068 1052 2140 omnimodas
1076 2071 1171 2140 inter
1193 2069 1275 2140 aiios
1297 2059 1503 2161 cycloides.

582 2187 641 2285 63.
667 2193 812 2286 ioannes
838 2195 1258 2291 Bernouiliusoptarerat
1282 2197 1435 2274 Curram
1461 2193 1745 2290 aequilibratioor's
1779 2197 1814 2266 in
1848 2217 1887 2266 re
1922 2195 2001 2268 Me⁴

485 2313 632 2388 rhenica
658 2319 849 2392 utillimam
874 2341 971 2392 motu
996 2323 1168 2393 continuo
1192 2321 1413 2401 describere.
1441 2343 1508 2391 non
1533 2343 1594 2414 pet
1624 2341 1754 2412 puncta
1786 2323 1845 2392 uti
1870 2319 2003 2392 fecerat

487 2435 687 2533 Hdpitaiius
711 2444 838 2537 (503).
863 2448 912 2515 Eo
937 2445 1110 2520 desiderio
1135 2450 1326 2529 excitatus,
1352 2467 1395 2518 ut
1420 2449 1517 2540 praxi
1542 2449 1748 2538 praesertim
1774 2445 1811 2516 id
1835 2443 2003 2520 commodi

485 2565 663 2652 adferret,
691 2571 951 2662 Epicycioidem
977 2597 1049 2645 esse
1074 2573 1200 2646 docuit
1225 2575 1368 2646 Lineam
1394 2575 1439 2648 ab
1463 2567 1648 2665 Hdpitalio
1674 2595 1870 2667 repertam,
1893 2593 2002 2645 motu·

487 2715 560 2786 que
587 2693 668 2764 ideo
693 2697 825 2768 Circuii
851 2703 1020 2770 rotatorio
1045 2697 1149 2771 faciie
1174 2701 1451 2796 depingendam.
1475 2701 1595 2792 Quum
1620 2721 1741 2773 autem
1766 2703 1864 2771 istam
1884 2701 1999 2790 Epicy-

486 2819 636 2890 cIoidem
663 2823 792 2912 primus
817 2826 1102 2897 inuenerimesse
1122 2827 1528 2909 Concitoidcm-Cireuii.
1547 2801 1658 2900 maior
1674 2829 1781 2898 etiam
1798 2821 2004 2918 descriptio?

386 2935 390 2944 ’
485 2946 537 3014 nis
562 2943 712 3014 feciliter
739 2947 825 3016 mihi
850 2951 967 3018 statim
992 2953 1170 3032 occurrit,
1197 2955 1374 3046 magisque
1412 2953 1535 3026 idonea
1573 2955 1742 3027 Bernouili
1777 2973 1860 3023 voto
1892 2948 1996 3022 adim·

485 3069 638 3163 piendo·
674 3069 756 3140 Non
792 3071 881 3182 iilud
914 3075 956 3142 ad
981 3075 1392 3184 eoncnoiden-Circtii
1416 3081 1687 3152 construendam
1714 3099 1812 3150 motu
1835 3081 1997 3148 continuo

484 3197 757 3266 instrumentum
783 3203 1040 3290 proposuerim,
1067 3203 1161 3296 quod
1188 3207 1378 3288 Ritaitus,
1400 3229 1461 3278 aut
1486 3207 1650 3299 antiquos
1676 3208 1789 3300 potios
1821 3203 1999 3275 Archime-

483 3319 535 3390 dis
561 3320 716 3413 Operum
739 3323 969 3408 scholiastes,
995 3329 1091 3400 nulio
1117 3331 1329 3404 inventionis
1353 3335 1467 3427 pretio
1493 3331 1705 3412 accedente,
1723 3333 1830 3402 oculis
1856 3331 1997 3400 Geome·
2027 3375 2030 3378 -

485 3465 617 3521 tratum
641 3449 794 3524 subiecit
819 3449 941 3549 (564).
969 3457 1060 3526 Nam
1088 3459 1433 3552 praeterquamquod
1469 3458 1556 3530 nihii
1590 3459 1687 3530 aliud
1720 3459 1999 3529 sit·1nstrnmen·

485 3593 561 3647 tum
592 3577 733 3670 ipsum,
768 3601 853 3660 seu,
889 3603 927 3653 tt
963 3583 1105 3655 Graecis
1130 3607 1257 3658 vocare
1284 3565 1436 3676 placuit.
1462 3571 1627 3678 diuiditur
1651 3587 1773 3678 (505).
1807 3587 1870 3654 nisi
1906 3605 1998 3654 retu·

402 3735 406 3744 ·
483 3703 667 3776 ocissimum
691 3704 892 3778 Nicomedis
916 3730 1084 3802 organum
1108 3733 1219 3805 atque
1246 3715 1461 3784 notissimum
1487 3716 1522 3782 in
1556 3735 1649 3784 suam
1689 3735 1809 3783 veram
1834 3709 1999 3804 §onchoi

483 3828 562 3899 dem
587 3831 844 3923 depingendam
869 3834 995 3923 (506),
1018 3838 1131 3907 canaii
1155 3859 1255 3910 tecto
1278 3837 1522 3912 tantummodo
1540 3841 1576 3909 in
1594 3837 1798 3910 circularem
1818 3856 1998 3912 converso·

482 3957 809 4030 animadvertebam
834 3961 1050 4050 potissimum
1074 3962 1224 4056 idgenus
1247 3963 1507 4037 incommodum
1532 3968 1668 4046 inesse,
1685 3965 1846 4059 geminae
1863 3963 2008 4070 'scilicet'

482 4085 710 4192 instrumenti
734 4085 964 4158 resolutionis
987 4108 1048 4180 per
1075 4090 1230 4164 eundem
1255 4092 1438 4164 circulum
1462 4094 1659 4186 genitorem
1683 4091 1728 4163 ad
1753 4089 1840 4170 hoe.
1875 4106 1916 4160 uc
1946 4087 1995 4155 ia·

481 4235 582 4308 tegra
607 4213 723 4284 Curva
750 4211 1007 4306 perficeretur.
1029 4217 1329 4310 quemadmodum
1355 4237 1401 4290 ex
1425 4220 1513 4314 Fig².
1532 4217 1589 4312 65.
1608 4216 1742 4312 liquido
1758 4233 1911 4287 constat.
1931 4207 1996 4278 Or·

480 4363 608 4430 ganum
635 4345 756 4435 itaque
781 4341 1065 4436 simplicissimum
1091 4328 1256 4439 expertus
1279 4367 1372 4428 sum,
1390 4343 1488 4440 quod
1505 4345 1682 4440 depictum
1708 4361 1820 4413 exstat
1844 4341 1881 4408 in
1908 4337 1997 4406 alte·

482 4486 518 4533 ra
545 4461 634 4556 Fig².
660 4466 740 4547 66..
766 4472 863 4538 cuius
888 4463 1084 4561 praesidio,
1108 4495 1219 4570 atque
1243 4477 1348 4551 unica
1374 4477 1490 4550 veluti
1525 4475 1714 4548 communis
1747 4470 1873 4540 circini
1906 4483 1999 4536 rota·

481 4593 579 4659 tione
616 4589 746 4662 Lineae
772 4601 901 4664 'omncs
932 4597 1191 4685 describantur,
1231 4625 1314 4695 quas
1338 4625 1359 4673 a
1385 4623 1529 4672 numero
1565 4593 1999 4692 1⁰.nsqaeadv111u¹=.

481 4723 673 4805 Prospectat
697 4705 740 4804 §i
764 4712 859 4788 61⁰¹&
884 4722 1155 4813 complectitur.
1181 4727 1409 4799 instrumenti
1440 4723 1550 4798 forma
1577 4725 1941 4816 Paraiieiogtammum
1965 4719 2000 4787 in

481 4861 636 4940 quatuor
659 4843 794 4940 anguiis
820 4847 928 4919 instar
952 4853 1183 4942 Porrograplri
1207 4851 1371 4928 versatile
1398 4875 1465 4948 ope
1499 4855 1742 4927 iuncturarum
1778 4867 1816 4922 et
1849 4843 2000 4918 axiculo·

1874 4989 1953 5042 rum
