4506 6136
544 385 630 476 onii
1293 327 1314 378 s

525 533 655 594 tissima
672 547 709 591 ac
727 497 1072 606 simplicissimum
1090 521 1320 603 geometricum
1339 520 1480 600 rigorem
1496 535 1619 595 servat,
1635 522 1748 590 eadem
1783 541 1834 592 032
1860 544 1922 610 pto
1948 541 2015 601 ω,-

526 635 671 717 gentibus
689 627 1147 708 omnimodarumcycloidurn
1165 625 1427 698 determinandis,
1445 627 1585 706 mirique
1603 647 1744 708 praestat
1761 636 1925 718 analogia,

487 740 551 822 (45)
569 741 656 802 idem
684 737 796 816 opibus
823 736 1002 816 impetratis
1028 756 1048 796 a
1074 732 1204 820 Calculo
1230 729 1421 808 differemiaie'
1448 750 1609 811 repertum
1639 735 1705 799 fuit
1736 741 1777 802 ab
1796 721 2011 823 Hdpitalio'in

523 887 669 969 Exempli
687 845 756 952 11⁸⁰.
775 887 816 950 ad
840 865 949 968 pagm.
978 862 1066 952 22⁸³.
1082 883 1275 970 praecitatae
1293 881 1460 950 editionis.
1480 885 1639 949 llideodus
1657 889 1808 968 equidem
1827 895 2008 974 Anonymus

520 1041 575 1105 sue
589 1015 1543 1121 ipsiuseniuonisschotiastes,quiinAdnoauonibasxlm.
1574 1060 1611 1102 aa
1631 1019 1736 1104 xum.
1747 1043 1950 1124 ereptarum
1963 1067 2009 1112 aa

519 1149 566 1210 las
577 1145 655 1210 'heic
671 1149 836 1225 primariae
853 1145 1011 1222 cycloidis
1029 1160 1189 1226 tangentes
1206 1144 1453 1222 contemplatum
1467 1143 1562 1205 fuisse
1581 1146 1724 1217 monuit,
1742 1149 1804 1210 etsi
1830 1154 2009 1216 litteraliter

522 1253 564 1316 ad
583 1255 764 1332 omnigenas
782 1250 967 1330 cycloides,
985 1266 1018 1313 et
1034 1251 1202 1330 praecipue
1224 1271 1245 1312 a
1264 1249 1393 1314 circulo
1421 1251 1564 1328 genitas,
1590 1251 1747 1314 calculum
1774 1253 2007 1336 formulamque

521 1381 614 1470 inam
633 1405 840 1488 adplicuerit,
868 1403 995 1483 ipseque
1027 1405 1211 1480 Anonymus
1229 1377 1313 1481 με’.
1331 1387 1422 1479 303'¹.
1441 1399 1573 1480 eandem
1593 1401 1764 1464 formulam
1775 1406 2003 1480 universalem,

523 1509 1158 1593 aequationemque,'proprietatemque,
1189 1527 1209 1566 a
1235 1526 1298 1584 qua
1315 1507 1440 1598 oritur,
1466 1506 1654 1584 Cycloidum
1681 1509 1820 1570 omnium
1847 1511 2003 1576 eiusmodi

519 1615 609 1679 dre:
622 1635 661 1695 ay
679 1617 836 1677 confessus
855 1613 983 1674 clariter
1002 1611 1119 1674 fuerit.
1147 1609 1206 1672 Sed
1225 1609 1367 1672 dehisce
1395 1608 1573 1674 Scholiastis
1591 1613 1676 1676 Galli
1694 1615 2001 1680 Commentationum

525 1721 697 1782 rarioribus
725 1721 880 1797 elegantiis
909 1719 1001 1796 plura
1028 1716 1179 1778 disserere
1205 1714 1449 1778 inverecundum
1477 1733 1580 1786 esset,
1600 1719 1795 1796 nimiumque
1813 1721 1999 1784 molestum.
2041 1715 2044 1723 ’

521 1825 697 1898 Fetmatius
727 1825 827 1886 Gallis
856 1823 932 1903 ipsis
960 1821 1130 1884 fatentibus
1159 1819 1416 1902 (Eacyciopaedia
1435 1821 1617 1885 Parisiensis
1633 1823 1668 1884 irs
1695 1824 1845 1886 vocabulo
1865 1825 2000 1904 cycloide
2044 1852 2050 1868 ⁸

525 1977 628 2040 oum⁰.
646 1953 725 2056 3³⁰.)
745 1991 906 2056 tangentes
927 1971 1113 2052 cycloidnm
1131 1990 1256 2054 praeter
1272 1976 1448 2052 prirnoriara
1477 1973 1623 2038 mendose
1651 1975 1875 2040 determinavit
1904 2021 1924 2051 η
1941 1979 2000 2058 Qse

526 2087 556 2145 ie
571 2085 697 2162 premier
712 2085 767 2160 qui
784 2102 856 2164 enta
874 2082 979 2144 sroure'
995 2083 1029 2142 ie
1045 2095 1198 2160 tramete,
1216 2101 1237 2142 a
1255 2079 1303 2142 e‘se‘
1320 2079 1368 2142 M.
1387 2079 1574 2148 Dercorses,
1593 2095 1623 2142 es
1639 2095 1763 2158 presque
1776 2104 1810 2142 err
1825 2087 1915 2146 mirre
1926 2097 1998 2146 rests

524 2189 573 2250 M.
591 2189 631 2286 eie¹
645 2185 790 2260 Ferreae,
808 2190 936 2265 quoique
953 2183 1041 2248 rane
1057 2187 1184 2248 ueniere
1202 2183 1367 2266 discessere
1379 2199 1435 2245 ete.
1446 2204 1485 2255 „t
1506 2202 1606 2264 neque
1627 2184 1780 2248 admirari
1797 2206 1932 2266 unquam
1947 2188 1997 2251 de·

524 2339 626 2402 sinam
646 2337 776 2417 idgenus
795 2357 936 2402 errorem
955 2356 1018 2400 non
1036 2337 1169 2410 vidisse,
1187 2358 1244 2400 nec
1264 2337 1430 2418 castigasse
1448 2337 1647 2404 Montuclam
1665 2315 1713 2420 p².
1731 2315 1806 2415 48'⁸.
1826 2312 1889 2402 11⁶¹.
1904 2339 1999 2402 Volu-

525 2444 636 2507 minis.
655 2443 701 2506 Ut
717 2445 821 2524 lapsus
840 2445 899 2508 iste
918 2441 1122 2514 emendetur,
1138 2443 1293 2522 expressio
1312 2444 1513 2514 Montuclae,
1531 2463 1612 2523 quae
1627 2445 1792 2524 cycloides
1807 2447 2000 2510 accedetur

519 2551 756 2628 cumprimis
773 2549 938 2612 confundit
955 2591 975 2620 „
993 2551 1022 2610 ie
1040 2563 1181 2626 repetente
1193 2547 1251 2610 PT
1266 2562 1312 2610 ess
1330 2547 1350 2608 d
1367 2551 1445 2612 carr
1457 2549 1513 2612 A?
1526 2569 1564 2614 err
1580 2546 1604 2612 Γ
1613 2551 1754 2614 mdoaee‘e
1771 2549 1824 2630 Po
1840 2595 1860 2624 „
1879 2569 2001 2629 geome-

522 2643 606 2718 trico
623 2655 726 2717 sensui
745 2656 932 2718 restituatur
951 2671 1074 2718 necesse
1092 2669 1141 2716 est
1158 2652 1253 2716 modo
1271 2655 1430 2746 sequenti.
1441 2697 1460 2728 „
1478 2653 1594 2718 &me
1610 2658 1643 2721 ie
1662 2656 1873 2736 ciresefe'reare
1884 2658 1927 2720 da
1938 2673 1999 2718 ret·

521 2807 569 2870 eie
582 2805 762 2884 generarent
779 2805 800 2868 d
818 2808 852 2868 ia
870 2806 941 2868 base
959 2802 1036 2879 aial?
1050 2803 1108 2868 PT
1122 2803 1144 2868 d
1157 2803 1229 2884 ΡΩ,
1247 2825 1286 2867 arr
1304 2804 1361 2868 ΑΡ
1379 2806 1399 2868 d
1419 2806 1499 2884 Po,-
1517 2807 1590 2868 dore
1607 2803 1707 2868 PT:
1716 2806 1772 2868 ΑΡ
1784 2849 1803 2878 „
1823 2805 1836 2882 (
1846 2795 1928 2886 sigi
1947 2821 1993 2870 eo.

522 2907 727 2984 Montuclae)
742 2951 751 2981 ,
768 2907 854 2987 quod
871 2908 1061 2972 adamussim
1080 2929 1169 2972 meae
1187 2908 1367 2974 deductiori
1385 2911 1550 2974 cohaeret.
1581 2911 1769 2990 ceteroquin
1796 2909 1929 2972 eandem
1954 2909 1995 2972 si·

524 3012 759 3120 gnificationem
777 3015 885 3081 tribuo
904 3015 1032 3114 circulo
1052 3015 1238 3096 Cycloidum
1256 3014 1416 3098 genitori,
1434 3035 1549 3096 quam,
1566 3031 1675 3096 utpote
1693 3013 1869 3078 faciliorem
1882 3009 2010 3077 clario'

521 3185 675 3250 remque,
693 3165 904 3232 adhibuerunt
920 3169 1095 3246 lemanna,
1113 3167 1376 3250 Eneyelopaedia,
1394 3182 1488 3250 atque
1508 3167 1674 3234 Montucla
1689 3167 1723 3230 io
1741 3139 1784 3231 1¹⁸.
1802 3137 1852 3228 οῖ’.
1871 3213 1881 3256 ,
1911 3167 1998 3244 illum

524 3274 649 3340 scilicet
678 3273 824 3350 nomino,
850 3275 940 3338 cuius
967 3273 1121 3340 diameter
1137 3276 1180 3340 sit
1196 3271 1261 3340 aris
1279 3272 1457 3354 cycloidis.
1476 3274 1546 3354 Quo
1563 3273 1782 3337 uniuersaliter
1810 3274 1914 3352 posito
1940 3273 1999 3352 Cy·

520 3377 638 3472 cloides
653 3393 826 3444 contractae
843 3395 877 3442 et
890 3375 1063 3460 p'rosrarsrr
1080 3379 1192 3444 eodem
1209 3399 1283 3444 cuna
1305 3381 1454 3458 primarie
1472 3398 1528 3442 axe
1546 3371 1716 3461 gaudentes
1734 3399 1753 3440 a
1769 3379 1916 3458 primaria
1934 3381 1998 3458 ipsa

522 3501 692 3548 nascuntur
710 3485 776 3548 sine
794 3485 860 3548 ulla
877 3501 982 3548 motus
1000 3484 1267 3556 consideratione,
1279 3497 1313 3546 et
1326 3484 1441 3562 absq'ue
1458 3485 1568 3562 puncti
1582 3484 1785 3548 describentis
1798 3487 1934 3550 Curram
1945 3499 1999 3547 aut

481 3590 497 3600 ⁴
518 3592 552 3658 in
566 3585 828 3656 circumferentia
835 3589 905 3662 siti,
917 3605 974 3654 aut
983 3605 1151 3662 extra,ant
1160 3586 1389 3662 intra,circuli
1401 3607 1494 3668 super
1506 3591 1637 3653 Rectam
1646 3579 1783 3656 revoluti
1801 3589 1997 3653 discrimine.

522 3697 686 3762 consimili
705 3699 814 3776 itaque
833 3711 944 3774 pacto,
961 3713 1025 3774 quo
1043 3716 1062 3755 a
1080 3695 1206 3757 circulo
1223 3695 1368 3758 otiantur
1387 3695 1507 3758 Circuli
1518 3699 1667 3774 protracti
1679 3696 1730 3759 vel
1753 3697 1922 3768 contracti,
1936 3695 1998 3756 siue

491 3853 495 3860 .
518 3801 647 3878 Ellipses
657 3817 750 3878 super
762 3799 896 3861 eundem
905 3801 1005 3861 Axem
1017 3797 1184 3877 dispositae
1195 3799 1372 3879 ,productis
1382 3845 1390 3870 ,
1400 3800 1531 3864 tectisue
1539 3803 1816 3881 proportionaliter
1825 3799 1997 3868 ordinans,

520 3902 667 3983 idemque
686 3901 724 3964 de
742 3901 953 3980 Hyperbolis,
971 3903 1151 3975 Parabolis,
1170 3907 1283 3969 curvis
1301 3905 1597 3986 Cyclocylindricis,
1624 3907 1757 3988 Ungtrlis
1785 3908 1818 3970 in
1847 3905 1997 3984 cylindro

524 4023 614 4070 recto
639 4005 800 4078 abscissis,
826 4005 990 4069 Helicibus
1015 4007 1232 4088 Apolloniatis
1260 4027 1321 4076 etc.
1349 4029 1410 4078 etc.
1438 4012 1635 4076 sentiendum
1656 4012 1717 4085 sit,
1735 4007 1819 4074 band
1837 4011 1995 4076 diverses

513 4116 662 4196 primaria
680 4110 830 4196 Cycloidc
848 4113 1041 4176 secundariae
1059 4113 1237 4190 dimanant,
1255 4119 1283 4182 si
1300 4119 1369 4182 eius
1388 4117 1562 4182 ordinatae
1581 4115 1620 4180 ad
1634 4115 1928 4180 circumferentiam
1942 4129 1995 4191 ge·

521 4221 635 4282 nitoris
652 4219 772 4282 circuli
791 4217 1066 4300 proportionaliter
1084 4217 1282 4300 augeantur,
1300 4243 1357 4288 seu
1376 4227 1577 4288 minuantur.
1597 4223 1716 4302 Quibus
1743 4219 1891 4298 exemplis
1918 4214 1994 4276 satis

520 4341 675 4404 superque
693 4323 899 4388 confirmatur
918 4339 1080 4408 tangentes
1098 4323 1283 4404 cycloidum
1301 4331 1444 4394 omnium
1462 4328 1602 4392 eiusdem
1620 4331 1722 4390 Areos
1743 4323 1852 4404 (utin
1872 4320 1996 4400 Ellipsi-

515 4427 574 4488 bus
592 4445 652 4490 etc.
671 4427 754 4503 etc.)
770 4468 780 4498 ,
798 4447 879 4508 qnae
897 4433 936 4492 ab
953 4434 1100 4494 extremis
1118 4434 1260 4500 Arcuum
1279 4455 1480 4500 communem
1499 4436 1676 4498 Abscissarn
1705 4429 1889 4492 habentium
1920 4426 1996 4489 edu·

517 4545 650 4601 eantur,
668 4531 702 4592 in
720 4529 833 4594 eodem
850 4549 968 4612 puncto
986 4555 1194 4612 concurrere,
1212 4557 1389 4621 punctaque
1417 4557 1625 4604 concursuum
1652 4541 1814 4602 innumera
1832 4533 1866 4595 in
1885 4531 1996 4596 eidem

517 4635 694 4696 communis
712 4634 831 4698 circuli
850 4638 1000 4716 genitoris
1018 4641 1152 4714 Evoluta
1169 4643 1286 4716 locari,
1304 4643 1431 4708 tametsi
1450 4644 1489 4706 de
1518 4642 1668 4723 Cyeloide
1697 4657 1824 4704 tantum
1851 4637 2001 4719 primaria·

511 4739 756 4804 Germanarum
775 4743 1000 4821 quamplurimi
1017 4745 1052 4808 id
1070 4745 1281 4815 adseruetint·
1298 4747 1386 4816 Huic
1413 4748 1651 4816 ratiocinationi
1677 4741 1882 4813 illusnmdae
1913 4737 1994 4804 haud

511 4909 623 4974 parum
643 4859 918 4956 inservient‘dicta
935 4894 968 4958 in
987 4892 1034 4973 βο.
1055 4872 1141 4975 52⁰⁰,
1805 4895 1870 4978 (46)
1888 4893 1957 4958 troc
