4566 6152
1617 536 1717 594 xum

251 667 440 752 efficacia.
462 693 582 748 rento
609 665 797 748 dubitate
818 681 1004 766 umquam
1033 661 1205 766 poterit,
1234 659 1266 737 ti
1287 657 1390 736 forte
1408 643 1665 762 excipiantur
1683 657 1778 770 Gens

248 809 336 913 plus
362 809 518 886 curirux
549 805 595 883 de
624 803 858 906 rescriptione
886 798 1339 908 persecutionumque
1366 793 1402 882 d’,
1412 797 1651 899 inscriptions
1671 785 1779 896 apris

253 943 334 1024 leur
361 968 488 1031 mort,
514 941 576 1020 uti
606 939 726 1019 habet
756 938 993 1040 Aubigneus
1022 939 1063 1014 in
1103 935 1315 1038 Appendire
1352 933 1402 1012 ad
1439 931 1648 1012 Historiae
1686 951 1780 1008 suae

253 1081 338 1162 duo
367 1083 502 1186 prima
528 1075 769 1159 Volumina.
1638 1189 1643 1199 Ι
1793 1179 1796 1186 Ι

369 1217 456 1319 (22)
486 1217 666 1296 Narrant
691 1211 927 1290 Alemberto
957 1207 1095 1287 adlrue
1119 1231 1243 1314 puero
1272 1205 1607 1315 philosophorum
1634 1221 1779 1280 nomen

257 1355 404 1460 pluries
443 1351 624 1430 audienti
662 1351 938 1430 curiositatem
977 1341 1188 1425 obsedisse
1224 1345 1388 1452 petendi
1429 1342 1636 1450 Queat-ce
1659 1335 1780 1444 qu’urt

254 1487 477 1593 Philosophe
505 1489 651 1567 mediis
676 1492 716 1566 in
738 1485 913 1566 nubibus
932 1485 1124 1564 haerens?
1146 1507 1457 1590 responsumque
1478 1479 1663 1590 habuisse
1684 1475 1779 1552 Uest

252 1653 302 1704 rut
322 1621 417 1731 stru,
443 1627 507 1732 qui
529 1653 569 1705 se
589 1650 797 1705 rournrrnrt
818 1626 984 1732 pandunt
1004 1653 1048 1705 rc
1072 1627 1155 1712 vie,
1175 1647 1271 1728 pour
1295 1619 1403 1728 qu'on
1420 1615 1528 1723 porlc
1545 1617 1589 1696 de
1609 1613 1665 1696 lui
1686 1611 1780 1692 lors-

252 1759 343 1868 qa'il
368 1760 431 1866 η’)
458 1761 555 1842 sera'
568 1763 680 1869 plus.
709 1759 830 1862 (Vid.
863 1765 1092 1844 Historiam
1129 1761 1378 1839 Academiae
1414 1757 1680 1834 Scientiarum
1710 1749 1781 1828 Pa·

250 1898 400 1978 risinae
428 1925 503 2006 pto
527 1899 637 1980 'anno
665 1895 1107 1982 mmccmxxxnr'.
1134 1900 1186 1978 ad
1215 1907 1344 2003 pagffl.
1372 1889 1525 1995 28²”'.).
1554 1887 1704 2010 Nihilo
1720 1909 1781 1968 ta·

252 2057 344 2115 men
375 2037 507 2117 minus
535 2039 684 2118 Peritia
708 2038 803 2120 milri
814 2046 865 2146 stt
894 2062 1001 2120 umor
1019 2039 1116 2118 :St
1133 2041 1223 2116 uino
1243 2059 1277 2114 et
1295 2032 1428 2122 valeo,
1449 2056 1563 2110 suunt·
1579 2053 1656 2107 aar.
1838 2139 1843 2146 Ι

358 2177 446 2275 (ab)
475 2175 741 2258 Eruditorum
767 2201 866 2285 pene
893 2181 1075 2258 omnium
1109 2197 1345 2282 paupertas,
1375 2199 1454 2251 non
1484 2167 1606 2247 modo
1635 2163 1777 2244 Libro·
1843 2171 1846 2176 '

251 2337 339 2391 rum
370 2313 631 2406 collectioni,
659 2341 799 2396 veruto
827 2321 951 2397 etlam
969 2331 1265 2422 'saepenumero
1293 2313 1383 2390 otio
1409 2307 1609 2388 litterario
1639 2328 1781 2408 procu·

236 2421 388 2522 'nando
420 2428 574 2548 impar,
610 2451 660 2524 ab
699 2451 953 2531 humillimae
983 2453 1025 2527 in
1045 2451 1239 2523 Procerus
1279 2447 1483 2522 servitutis
1510 2442 1778 2545 obsequiique

253 2577 418 2657 defertu
444 2582 643 2680 originem
672 2573 813 2669 ducit,
844 2583 957 2660 iuttta
987 2579 1089 2660 illud
1118 2581 1389 2656 Rornanorum
1412 2577 1518 2680 Toga
1540 2605 1652 2654 rara.
1672 2578 1781 2654 Dum

250 2707 565 2788 auteanibros
595 2733 799 2798 memoro,
820 2713 1123 2790 bibliomaniam
1145 2713 1424 2813 luxuriemque
1442 2709 1783 2816 typographicam
1893 2759 1899 2770 ·

252 2871 458 2954 nunquam
488 2867 650 2952 optasse
679 2839 831 2926 faleor.
860 2846 1037 2928 Pretiosa
1065 2847 1346 2954 hacc-etenim
1373 2868 1490 2933 sunt,
1518 2867 1560 2924 et
1581 2847 1716 2951 potius
1739 2850 1781 2931 io

253 2972 592 3086 pinacothecam,
625 3009 746 3088 quam
788 2979 1079 3063 bibliothecam
1116 2983 1396 3064 immittenda.
1435 2981 1623 3095 Profecto
1658 2991 1780 3088 quac·
1820 3051 1824 3058 .

251 3142 353 3198 nam.
384 3121 484 3198 artis
519 3121 716 3200 miracula
756 3145 807 3199 ex
835 3123 1082 3201 Bodnniatris
1118 3123 1351 3228 praesertim
1390 3121 1504 3228 typis
1542 3093 1709 3225 prodire
1734 3123 1786 3204 in·

253 3253 339 3332 die's
368 3281 455 3334 non·
477 3256 698 3338 videmus?¹
716 3257 920 3364 Quidnam
942 3259 1152 3372 *Parmensi
1179 3260 1361 3344 editione
1388 3260 1613 3362 elegantius
1641 3256 1781 3340 Politi-¹

252 3417 323 3471 uae
351 3391 537 3473 Coronae
565 3395 747 3496 (Proser
774 3397 886 3476 Verri.
904 3407 972 3502 prr
995 3421 1153 3477 onorata
1179 3394 1220 3474 lu
1249 3399 1427 3476 rumoris
1457 3397 1498 3474 di
1518 3399 1632 3476 Liuia
1655 3395 1783 3477 Durio

253 3529 433 3635 Crrqffn)
463 3533 504 3608 in
542 3532 671 3615 lucem
700 3537 867 3616 emissae
894 3530 1153 3617 vertentibus·
1170 3535 1288 3615 anuis
1317 3531 1780 3622 M.DCC.LXXX1V‘⁰.,

165 3715 169 3722 ·
254 3669 521 3750 LXXXV‘⁰.?
549 3673 659 3774 Quid
685 3675 818 3754 dicant
848 3674 899 3754 de
927 3667 1109 3780 geminis·
1126 3674 1374 3753 Anacreontis
1399 3671 1656 3753 editionibus·
1678 3671 1781 3752 eins·

252 3809 347 3890 dent
377 3808 595 3913 temporis,
622 3805 776 3888 labores
800 3811 1117 3920 Stephanorum,
1146 3809 1477 3902 Tournoborum,
1506 3809 1779 3914 Marciorum,

227 3943 584 4048 -Sociotatumque
615 3937 1010 4050 typographicarum'
1029 3947 1259 4032 Parislensis
1288 3973 1335 4030 et·
1358 3949 1648 4038 Loudincnsis,
1679 3973 1780 4050 quas

254 4105 342 4162 rum
370 4104 598 4186 postremas
627 4081 900 4186 nuperrimam
930 4086 1122 4168 debemus
1154 4089 1363 4168 Platonem
1401 4083 1781 4174 Graeco-latinum,

252 4219 617 4325 exsuperantibus?
654 4219 765 4324 Quid
802 4219 853 4299 do
891 4219 1131 4305 Kennilrotti
1170 4225 1299 4326 Angli
1338 4223 1538 4298 maximae
1577 4221 1780 4324 impensae

252 4355 443 4438 herculeo
470 4357 682 4438 moli-mine
709 4365 821 4437 sadra
851 4355 986 4438 Biblia
1011 4362 1063 4439 ad
1092 4359 1202 4438 MSS.
1230 4357 1524 4443 Hebraicosum
1543 4357 1689 4446 fidem,
1711 4381 1779 4436 ra·

128 4509 134 4527 ·
252 4491 449 4572 riantibus
479 4491 656 4598 undique
683 4493 857 4598 conlatis
886 4495 1153 4586 lectionibus,
1178 4517 1222 4576 ct
1251 4491 1538 4578 Volumio'ibut
1557 4517 1685 4577 totam
1707 4521 1778 4603 per
1833 4563 1838 4574 .

253 4625 456 4734 Europam
485 4632 699 4734 quaesitis,
728 4627 1005 4714 restituendi-t·

364 4763 453 4872 (29)
480 4759 702 4883 Siculorum
731 4791 911 4852 veterum
938 4793 1031 4854 erat
1054 4775 1096 4855 in
1123 4751 1218 4864 ore,
1242 4773 1340 4854 dum
1369 4773 1541 4880 antiquo
1570 4769 1771 4852 libertatis
1834 4839 1840 4851 ,

255 4903 412 5011 inpetu
448 4905 728 5012 rapiebantur,
765 4907 934 5016 idgenus
969 4913 1185 4995 vanissima
1221 4910 1364 4990 dictio·
1389 4909 1440 4992 de
1479 4909 1591 4990 illius
1618 4905 1775 4983 insulae

1019 5055 1035 5133 i
1545 5065 1549 5078 ·
1628 5061 1718 5117 cive
