4506 6136
1631 403 1727 491 159,

233 545 295 618 per
318 523 546 598 intervallum
573 527 610 598 in
636 521 717 624 Axe
743 524 810 591 τῶν
833 547 860 594 x
884 525 1037 620 aequale
1063 525 1237 598 diametro
1255 523 1385 600 circuli
1405 525 1621 618 generatoris
1640 533 1769 618 ssrlc

232 675 370 738 ΞΜ,
397 657 494 750 quod
519 647 749 726 interuallum
775 679 832 714 z:
851 659 1031 726 tarnat
1056 675 1218 747 segregat
1244 656 1353 724 etiam
1379 653 1465 723 duas
1483 675 1597 723 rectas
1623 657 1765 724 Curvae

233 781 392 852 ciusdem
429 803 645 872 asymptotos
681 783 753 852 Axi
791 783 973 870 parallelas
1013 785 1262 861 XHV,TIZ,
1288 780 1364 850 fore
1392 785 1672 852 SKtliK-zLK
1702 803 1764 851 aut

234 912 633 988 Rs:rra1::131rros,
671 929 709 978 ct
745 907 879 976 idcirco
912 910 1130 978 elementum
1168 931 1271 978 areac
1297 912 1548 1000 asymptoticae
1579 914 1765 980 RSOP=

235 1039 380 1117 uBMK‚
407 1034 702 1130 quemadmodum
728 1055 854 1124 supra.
881 1033 1065 1122 Quadratus
1091 1037 1360 1125 igiturareae,
1397 1038 1536 1106 tametsi
1569 1035 1770 1108 altitudinis

234 1161 424 1242 infinitae.
451 1167 597 1234 ABITD
615 1161 768 1252 duplum
794 1185 989 1254 peraequat
1023 1161 1182 1251 inscripti
1218 1161 1431 1251 Quadrantis
1465 1163 1598 1233 Circuli
1636 1166 1770 1238 AKIB,

236 1311 390 1384 totaque
416 1289 555 1360 infinite
583 1291 685 1382 longa
712 1310 793 1358 area
820 1291 1228 1360 TDAEXHVGcFlff
1256 1289 1407 1380 duplum
1446 1291 1576 1360 Circuli
1611 1287 1774 1378 inscripti

236 1423 379 1490 AHCIB
414 1416 539 1486 eodem
575 1417 716 1486 Curvae
750 1439 875 1486 centro
911 1387 1117 1508 gaudentis.
1154 1418 1195 1486 Id
1228 1419 1253 1486 si
1291 1419 1513 1510 Euangelista
1539 1417 1773 1486 Torricellius

238 1543 411 1628 uidisset,
448 1547 541 1616 inter
578 1565 749 1614 nostrates
786 1547 943 1616 anteacti
982 1546 1112 1616 saeculi
1139 1545 1344 1616 Geometras
1368 1541 1478 1636 (pace
1505 1543 1656 1614 dixerim
1682 1545 1786 1634 Vin--

237 1675 350 1742 centii
378 1673 521 1744 Viriani
548 1671 675 1764 (333)
702 1668 804 1742 facile
832 1674 1008 1764 princeps,
1036 1695 1100 1744 nec
1125 1672 1279 1743 Solidum
1316 1695 1416 1743 suum
1453 1669 1774 1764 infinite-longum

159 1895 166 1908 Ι
239 1800 495 1890 Hyperboit'trrrn
520 1819 652 1870 ararum
678 1819 733 1869 tot
760 1803 940 1894 tantisque
967 1801 1129 1872 laudibus
1153 1802 1340 1871 extulisset
1362 1795 1487 1892 (378),
1522 1797 1618 1890 quod
1651 1800 1776 1868 inven-

241 1948 320 1998 tum
348 1931 454 2020 paulo
480 1951 593 2022 postea
622 1951 693 1999 uuo
719 1951 807 2021 perte
834 1930 958 2000 calami
983 1929 1099 2000 ductu
1125 1921 1370 1999 bonaienrura
1406 1925 1611 1996 Cavalerius
1649 1926 1685 1994 in
1711 1927 1778 1995 irn-

242 2078 401 2132 mensum
428 2057 575 2132 adauxit
603 2063 723 2154 (329),
750 2082 814 2130 nec
840 2060 962 2152 procul
989 2058 1100 2130 dubio
1126 2059 1318 2130 mirabilem
1345 2055 1541 2148 analogiam
1568 2055 1664 2124 iotet
1689 2053 1779 2123 Soli·

239 2180 327 2254 dunt
354 2187 463 2276 ipsum
489 2191 695 2281 Areamque
722 2190 816 2257 illius
840 2193 977 2260 Curvae
1002 2189 1144 2258 silentio
1168 2187 1428 2280 praeteriisset.
1454 2184 1508 2252 Ut
1534 2181 1627 2250 enim
1653 2181 1689 2248 in
1716 2180 1778 2248 Su·

242 2308 318 2376 lido
345 2311 405 2376 illo
430 2314 474 2380 ab
499 2316 724 2401 Hyperbolae
751 2317 993 2403 aequilaterae
1027 2317 1162 2382 circum
1187 2331 1408 2397 asymptoton
1444 2310 1621 2376 roratione
1656 2307 1781 2396 genito

246 2433 438 2524 quaelibet
463 2435 557 2504 illius
582 2459 657 2526 pars
683 2459 701 2504 a
728 2437 952 2526 quadriliueo
978 2433 1118 2504 infinite
1145 2437 1249 2525 longo
1276 2432 1449 2524 producta
1486 2454 1548 2522 par
1586 2451 1639 2500 est
1673 2428 1782 2522 duplo

244 2557 461 2664 subiacentis
486 2581 524 2632 et
550 2563 708 2653 inscripti
734 2561 915 2650 cylindri,
942 2585 1008 2632 non
1033 2583 1133 2632 secus
1158 2563 1267 2631 etiarn
1305 2557 1459 2652 quodvis
1497 2559 1611 2626 Areae
1646 2579 1784 2636 nostrae

239 2682 545 2776 infinite-longae
564 2689 821 2778 quadrilineum
840 2693 953 2760 Aliso
971 2689 1146 2782 adaequat
1171 2689 1221 2757 bis
1239 2708 1418 2776 sumptum
1445 2705 1556 2778 atque
1576 2686 1784 2776 inscriptum

240 2809 481 2882 subiacentem
522 2814 701 2882 Sectorem
741 2818 851 2882 ABK.
889 2813 1195 2902 Quemadmodum
1232 2815 1268 2884 in
1294 2809 1412 2882 Solido
1439 2791 1785 2918 illolTorricelliano

242 2937 449 3031 praedictus
474 2940 643 3028 Cylinder
669 2931 915 3032 suprema'sua
943 2939 1011 3010 basi
1040 2941 1114 3011 eitts
1139 2942 1373 3034 capacitatem
1399 2937 1559 3010 bifariam
1585 2959 1707 3020 secat,
1731 2940 1785 3010 itt

205 3137 210 3142 .
243 3065 430 3157 Quadratus
455 3069 588 3136 Circuli
616 3067 925 3170 circumferentiae
945 3075 1031 3139 ΑΚ]
1044 3073 1078 3139 in
1099 3068 1182 3140 duas
1201 3068 1332 3140 dividit
1351 3069 1514 3161 aequales
1533 3087 1647 3160 partes
1665 3089 1785 3140 aream
1867 3164 1871 3172 Ι

241 3193 514 3284 asymptoticattt
540 3196 710 3278 numm
736 3195 1047 3285 Hemiperipheria
1075 3203 1168 3266 HA!
1187 3221 1305 3268 aream
1333 3202 1607 3280 DAEXHBH',
1627 3218 1664 3268 et
1688 3197 1786 3268 Peri·

244 3319 371 3413 pharia
398 3323 533 3411 integra
570 3323 682 3391 [ΑΗΕ
704 3343 815 3391 totam
849 3343 965 3390 aream
1002 3324 1415 3398 TDAEXHVGCFZIT
1444 3325 1604 3396 bifariam
1640 3343 1783 3396 secant.

245 3447 382 3516 Eodem
423 3449 556 3538 pariter
592 3446 719 3527 modo,
768 3470 844 3541 quo
876 3447 1033 3518 Solidutu
1072 3449 1353 3542 Hyperbolicum
1389 3447 1425 3522 in
1463 3447 1578 3524 frusta
1616 3454 1784 3546 aequalia

246 3573 431 3662 dividitur
454 3573 691 3666 quotlibuerit
716 3574 741 3644 si
769 3576 901 3650 Radius
929 3577 1045 3648 baseos
1070 3580 1105 3648 in
1134 3578 1286 3650 totidem
1310 3577 1477 3674 aequales
1503 3597 1621 3670 partes
1646 3577 1785 3652 divida-

247 3720 333 3778 tur,
358 3723 444 3781 aut,
471 3704 498 3772 si
524 3703 636 3789 velis,
662 3705 697 3772 in
724 3709 851 3798 quavis
875 3709 961 3778 data
996 3702 1136 3780 ratione
1169 3727 1309 3796 secatur
1340 3726 1439 3778 secto
1471 3705 1786 3801 proportionaliter

245 3826 376 3898 eodem
403 3828 539 3908 llariio.
572 3831 621 3900 sic
645 3855 727 3903 area
754 3855 869 3906 nostra
895 3834 1035 3906 infinite
1061 3837 1165 3930 longa
1191 3833 1329 3908 easdem
1355 3836 1493 3928 patitur
1517 3834 1707 3906 divisiones
1732 3805 1802 3905 se·-

245 3953 365 4028 cando
390 3957 426 4026 in
453 3979 569 4048 partes
593 3961 776 4052 aequales,
802 3985 864 4032 aut
887 3949 1196 4056 proportionaliter
1221 3964 1356 4037 Arcum
1385 3963 1598 4054 Quadrautis
1626 3968 1710 4036 AKI
1734 3966 1786 4034 ui·

247 4105 295 4158 ce
322 4081 427 4154 Rodii
455 4088 524 4165 BI,
551 4089 666 4158 veluti
692 4091 882 4184 infigura
908 4091 1137 4165 adumbrari.
1164 4088 1293 4166 Eidem
1319 4095 1456 4165 ratione
1475 4095 1673 4188 analogiam
1693 4113 1785 4188 quo·
1851 4065 1854 4072 ι

247 4232 326 4305 que
351 4231 472 4284 servat
497 4215 646 4304 ipsamet
671 4221 766 4290 Area
792 4240 874 4290 cum
900 4241 940 4288 ea
967 4219 1244 4315 infinite-longa
1270 4217 1712 4314 Logaritbmicaecurrte
1730 4221 1788 4292 re·'

130 4367 134 4372 ·
247 4338 345 4408 latae
381 4339 425 4410 ad
461 4339 729 4432 Asyntptotam,
767 4346 1055 4442 proptereaquod
1078 4345 1178 4420 ⁴haec
1211 4347 1306 4420 Arca
1342 4365 1516 4440 postrema
1552 4345 1785 4440 Solidumque
1831 4389 1841 4416 2

249 4483 406 4533 acutum
432 4467 717 4558 Hyperbolicum
744 4473 868 4548 Frusta
893 4461 997 4547 simul
1022 4474 1156 4548 habent
1185 4476 1461 4570 proportionalia
1483 4473 1688 4568 ,ordinatae
1724 4497 1787 4545 ex·

250 4607 395 4658 cremae
421 4598 628 4682 segmentis,
652 4601 866 4672 Torrieellio
889 4605 963 4696 ipso
988 4626 1182 4700 utrumque
1207 4627 1289 4698 prae
1325 4600 1483 4674 omnibus
1516 4597 1785 4676 demonstrante

251 4713 362 4802 (MS.
388 4715 501 4788 Palrr.
520 4721 555 4790 in
572 4727 902 4820 ,iirmiltyperboiab
927 4731 1092 4808 Scaienae
1119 4753 1238 4807 autem
1263 4735 1404 4806 Curvae
1430 4751 1506 4828 post
1525 4738 1784 4831 aequilateram

252 4839 479 4920 inlustratatu
505 4849 746 4944 explicationis
772 4860 834 4935 vix
851 4880 988 4956 regent.
1022 4863 1093 4935 Vel
1117 4865 1211 4942 enim
1246 4865 1530 4960 circumscriptae
1564 4861 1650 4938 dum
1684 4863 1788 4947 Parit

1031 4991 1066 5078 x
1392 4999 1399 5011 ’
1622 5004 1738 5079 pretet
