4566 6152
547 383 576 444 x

497 505 718 596 citationis
758 471 946 622 adpobta
977 529 1201 609 exactum,
1241 529 1283 594 et
1325 499 1753 600 omnibns'num'cris
1784 505 2029 611 absolutum

391 700 401 710 ·
497 655 738 774 argumenti
769 655 986 770 specimen
1015 653 1328 773 expectandum
1360 651 1443 763 stt,
1472 655 1550 762 sed
1580 659 1691 766 tude
1716 662 1865 784 potius
1899 670 2033 762 totius

499 805 654 922 Operis
686 805 992 896 lineamentum
1025 835 1076 894 ac
1104 805 1500 921 promtuarium„
1614 875 1618 884 .
1705 837 1711 844 ¹
1936 841 1937 846 ¹

557 1013 562 1022 ·
615 959 720 1048 Duo
750 983 895 1046 tamen
923 957 980 1046 de
1009 951 1212 1046 industria
1251 953 1515 1074 potiffimum
1551 982 1679 1050 curae
1716 953 1877 1070 babui,
1920 959 2030 1056 fide·

496 1105 609 1214 lem,
638 1107 829 1212 scilicet,
868 1131 913 1196 et
952 1105 1006 1194 ad
1046 1105 1258 1196 rationem
1291 1097 1546 1238 tempotum
1584 1131 1898 1226 auctorumque
1935 1112 2066 1200 iura.

493 1257 655 1386 tuenda
683 1257 873 1373 adprime
905 1251 1131 1346 facientem
1163 1253 1480 1347 enarrationem
1507 1255 1628 1348 dum
1648 1255 1901 1348 historicum
1931 1289 2029 1375 age·

494 1437 544 1496 re
573 1407 802 1523 oportebat
830 1403 950 1522 (19),
979 1435 1031 1498 ac
1060 1407 1299 1496 modestum
1331 1401 1454 1494 fimul
1484 1431 1531 1494 et
1558 1403 1828 1522 impavidum
1867 1407 2029 1496 orario·

493 1555 564 1644 nis
597 1583 733 1672 genus
761 1556 866 1646 dum
897 1553 1049 1672 religio
1078 1578 1220 1647 eruta
1251 1553 1524 1673 quorundum
1553 1555 1726 1670 placitis
1753 1583 1845 1643 non
1875 1527 2042 1644 diffenss

492 1707 574 1796 tire
597 1703 719 1820 (oo).
736 1701 968 1812 Proiecto,
993 1701 1028 1791 sa·
1054 1705 1159 1822 quid
1180 1733 1265 1824 ego
1291 1701 1465 1808 iudico,
1485 1703 1699 1794 bonarum
1711 1703 1878 1799 artium
1896 1703 2025 1792 ecdi-

437 1831 452 1858 ⁵
491 1851 767 1970 sciplina'rum
797 1855 995 1942 omniurn
1026 1855 1213 1956 ἕυεργέτωι
1242 1853 1422 1944 dicendi·
1445 1878 1550 1942 sunt
1576 1883 1670 1942 nnn
1696 1879 1789 1942 tam
1826 1853 1906 1970 qui
1944 1881 2028 1940 no·

491 2005 559 2090 ris
587 2003 684 2090 illas·
708 2003 940 2093 ditaverint
971 1999 1301 2108 adceffionibus,
1332 2031 1463 2119 quam
1493 2004 1568 2120 qui
1597 2002 1654 2090 ab
1691 2001 1908 2092 erroribus
1945 2003 2026 2089 do·

492 2150 773 2241 crillrmorurn
806 2153 935 2252 etiarn
966 2149 1224 2257 bominum,
1253 2155 1327 2270 qui
1357 2151 1470 2243 forre
1494 2151 2027 2270 irrepserint,eas·erpur·
2166 2245 2170 2252 ,

488 2299 639 2418 garum
668 2281 1026 2396 intonuerint.
1054 2301 1184 2416 Quod
1215 2301 1380 2398 tametsi
1409 2297 1491 2391 lae
1516 2301 1661 2391 'nollra
1689 2295 1936 2418 pracsertim
1957 2327 2027 2386 ae·

487 2461 903 2584 tare,·quac‘scater
930 2455 1163 2554 illitteratis
1191 2455 1431 2552 litterarum
1460 2449 1774 2545 ductantibus
1801 2442 1924 2559 (orl,
1951 2471 2026 2558 pe-

484 2602 697 2694 riculosae
725 2607 903 2710 plenum
933 2629 1046 2705 opus
1075 2607 1127 2676 fit
1156 2605 1296 2690 aleae,
1325 2604 1612 2672 nibilominus
1630 2593 1891 2672 tendandum
1913 2586 2023 2670 arbi*

424 2789 429 2800 ¹
484 2769 601 2848 tror,
630 2739 876 2830 dummodo
905 2735 1062 2824 virium
1092 2732 1242 2850 biceps
1268 2733 1483 2838 evitetur,
1509 2759 1541 2819 a
1562 2755 1654 2847 quo
1682 2727 1878 2845 proclive
1899 2753 1941 2817 ct
1962 2725 2026 2820 fa·

487 2893 571 2982 cile
602 2883 831 3006 effugium.
860 2871 1060 2975 Primum
1088 2881 1252 2976 etenim
1284 2877 1403 2972 nefas
1422 2877 1481 2972 est
1503 2879 1663 2972 imitari
1685 2877 1951 2970 miserrimos
1971 2877 2022 2967 il·

487 3042 564 3130 los²
586 3063 798 3155 nugarum
828 3033 1130 3138 insectatores,
1160 3029 1236 3150 qui
1265 3032 1311 3120 ira
1341 3029 1549 3124 severiori
1587 3028 1866 3120 scientiarum
1898 3031 2023 3122 cultu

485 3190 736 3278 incomrum
760 3160 1226 3290 mordeant'verbunr,
1255 3203 1331 3273 aut
1357 3177 1909 3296 captantesrantummotlo
1929 3181 2021 3268 ina·

486 3340 559 3427 nia
588 3334 685 3450 (ou)
711 3363 846 3426 aures
865 3315 1067 3451 oninium
1090 3319 1320 3424 'latratibus
1345 3330 1584 3447 impleant,¹
1607 3325 1786 3444 perinde
1814 3352 1861 3416 ac
1884 3321 2021 3415 bser-

486 3518 567 3614 mo
590 3485 693 3578 cllet
721 3485 868 3604 potius
895 3484 955 3573 de'
972 3463 1139 3576 'vocum
1169 3462 1376 3589 delectu,
1404 3506 1534 3598 quam
1565 3477 1621 3566 tle
1649 3499 1747 3592 apta
1777 3501 1922 3565 rerum
1953 3473 2021 3562 di-
2112 3466 2119 3482 “

487 3638 723 3728 crudarum
753 3633 1066 3754 fi'gnificatio'ne
1093 3659 1142 3722 cr
1165 3631 1401 3748 dignitate,
1439 3653 1522 3717 nec
1562 3623 1780 3743 quidpiam
1822 3619 2018 3712 existeret

488 3785 604 3874 scitu
631 3785 826 3902 dignum*
843 3776 1012 3899 prlc'te‘r
1035 3795 1213 3870 'veneres
1244 3805 1372 3894 atque
1400 3775 1530 3865 flores
1556 3773 1827 3890 eloquentiae
1848 3795 1890 3857 et
1913 3773 2016 3882 poe'-

485 3961 579 4052 §cos
610 3932 729 4049 (agl.
759 3933 956 4022 Alterius
984 3929 1083 4019 uitii
1111 3913 1350 4018 remedium
1382 3925 1427 4013 in
1456 3955 1512 4014 eo
1540 3920 1725 4039 politum
1756 3913 1839 4018 est,
1857 3937 2016 4002 utnon

485 4083 786 4190 contumeliis,
818 4080 893 4172 sed
914 4081 1138 4170 -rtri'onnrn
1169 4073 1361 4193 pondere
1387 4073 1444 4161 de
1476 4071 1659 4160 aliorum
1694 4063 1812 4177 lapsu
1843 4087 2018 4150 senten·

482 4232 541 4322 tia
570 4215 753 4322 feratur.
782 4205 977 4318 Dedecet
1007 4245 1194 4342 namque
1225 4225 1367 4314 virum
1397 4209 1758 4306 Mathematicum
1776 4205 1899 4299 futile
1917 4201 2031 4296 nm?

478 4380 753 4470 liercula'rum
785 4376 1037 4480 dicterium,
1069 4374 1258 4490 plebisve
1290 4359 1543 4460 insanientis
1571 4355 1691 4496 (24),
1731 4356 1802 4448 vel
1843 4357 2017 4446 locuto·

274 4591 278 4598 -
398 4583 401 4589 ·
480 4525 537 4618 ris
566 4525 747 4617 alicuius
776 4519 1139 4639 impudiel'labot
1167 4517 1415 4636 improbust
1435 4531 1480 4600 et
1507 4531 1660 4598 contra
1677 4505 1751 4622 qui
1775 4533 1866 4592 rem
1897 4505 2018 4621 pole-

477 4677 635 4768 micam
667 4679 796 4796 agens
838 4669 1103 4787 calle'ai'tque
1132 4668 1292 4757 urbane
1319 4658 1519 4766 obiiciat,
1549 4685 1600 4746 ac
1630 4682 1685 4744 ne
1714 4651 1913 4770 languida
1935 4651 2013 4738 fiat

482 4825 624 4920 orario
645 4801 671 4934 ,⁸
701 4821 876 4920 modico
917 4797 1048 4914 etiarn
1091 4817 1343 4909 Atticorum
1383 4809 1470 4903 sale
1507 4803 1750 4900 obiicienda
1786 4801 2016 4912 intersper-

1882 4968 1956 5064 gat
