<?xml version="1.0" encoding="UTF-8"?>
<!DOCTYPE html PUBLIC "-//W3C//DTD XHTML 1.0 Transitional//EN"
    "http://www.w3.org/TR/xhtml1/DTD/xhtml1-transitional.dtd">
<html xmlns="http://www.w3.org/1999/xhtml" xml:lang="en" lang="en">
 <head>
  <title>
</title>
<meta http-equiv="Content-Type" content="text/html;charset=utf-8" />
  <meta name='ocr-system' content='tesseract 3.04.00' />
  <meta name='ocr-capabilities' content='ocr_page ocr_carea ocr_par ocr_line ocrx_word'/>
</head>
<body>
  <div class='ocr_page' id='page_1' title='image "./decalcvlointegr00ferrgoog_0145.png"; bbox 0 0 4522 6134; ppageno 0'>
   <div class='ocr_carea' id='block_1_1' title="bbox 482 1149 1184 1319">
    <p class='ocr_par' dir='ltr' id='par_1_1' title="bbox 482 1149 1184 1319">
     <span class='ocr_line' id='line_1_1' title="bbox 498 1149 1184 1310; baseline -0.001 -77"><span class='ocrx_word' id='word_1_1' title='bbox 498 1197 799 1310; x_wconf 65' lang='lat'>312</span> <span class='ocrx_word' id='word_1_2' title='bbox 979 1149 996 1182; x_wconf 64' lang='lat'><em>²</em></span> <span class='ocrx_word' id='word_1_3' title='bbox 1117 1164 1184 1237; x_wconf 63' lang='lat' dir='ltr'>,elz</span> 
     </span>
     <span class='ocr_line' id='line_1_2' title="bbox 482 1261 859 1319; baseline -0.003 -33"><span class='ocrx_word' id='word_1_4' title='bbox 482 1261 859 1319; x_wconf 47' lang='grc' dir='ltr'>*ζμ-..-</span> 
     </span>
    </p>
   </div>
   <div class='ocr_carea' id='block_1_2' title="bbox 498 1291 1148 1402">
    <p class='ocr_par' dir='ltr' id='par_1_2' title="bbox 498 1291 1148 1402">
     <span class='ocr_line' id='line_1_3' title="bbox 498 1291 1148 1402; baseline -0.005 0"><span class='ocrx_word' id='word_1_5' title='bbox 498 1291 534 1384; x_wconf 91' lang='lat' dir='ltr'><em>f</em></span> <span class='ocrx_word' id='word_1_6' title='bbox 734 1305 842 1401; x_wconf 64' lang='lat' dir='ltr'>a?</span> <span class='ocrx_word' id='word_1_7' title='bbox 960 1297 1148 1402; x_wconf 53' lang='grc' dir='ltr'>αἶ’-Ε*</span> 
     </span>
    </p>
   </div>
   <div class='ocr_carea' id='block_1_3' title="bbox 1214 1231 2014 1332">
    <p class='ocr_par' dir='ltr' id='par_1_3' title="bbox 1214 1231 2014 1332">
     <span class='ocr_line' id='line_1_4' title="bbox 1214 1231 2014 1332; baseline -0.011 -18"><span class='ocrx_word' id='word_1_8' title='bbox 1214 1279 1224 1314; x_wconf 69' lang='lat' dir='ltr'>s</span> <span class='ocrx_word' id='word_1_9' title='bbox 1251 1233 1433 1330; x_wconf 88' lang='lat' dir='ltr'>pendentis</span> <span class='ocrx_word' id='word_1_10' title='bbox 1457 1232 1503 1306; x_wconf 89' lang='lat' dir='ltr'>ab</span> <span class='ocrx_word' id='word_1_11' title='bbox 1530 1231 1861 1330; x_wconf 85' lang='lat' dir='ltr'>arctuperbolae</span> <span class='ocrx_word' id='word_1_12' title='bbox 1882 1240 2014 1332; x_wconf 85' lang='lat' dir='ltr'>aequi·</span> 
     </span>
    </p>
   </div>
   <div class='ocr_carea' id='block_1_4' title="bbox 398 1479 2008 2219">
    <p class='ocr_par' dir='ltr' id='par_1_4' title="bbox 481 1479 2008 1836">
     <span class='ocr_line' id='line_1_5' title="bbox 485 1479 2008 1576; baseline -0.002 -25"><span class='ocrx_word' id='word_1_13' title='bbox 485 1481 620 1552; x_wconf 87' lang='lat' dir='ltr'>laterae</span> <span class='ocrx_word' id='word_1_14' title='bbox 647 1482 791 1576; x_wconf 88' lang='lat' dir='ltr'>quando</span> <span class='ocrx_word' id='word_1_15' title='bbox 817 1508 836 1552; x_wconf 88' lang='lat' dir='ltr'>r</span> <span class='ocrx_word' id='word_1_16' title='bbox 859 1503 1023 1553; x_wconf 86' lang='lat' dir='ltr'>numerus</span> <span class='ocrx_word' id='word_1_17' title='bbox 1049 1482 1094 1550; x_wconf 91' lang='lat' dir='ltr'>sit</span> <span class='ocrx_word' id='word_1_18' title='bbox 1119 1503 1163 1550; x_wconf 87' lang='lat' dir='ltr'>ex</span> <span class='ocrx_word' id='word_1_19' title='bbox 1181 1479 1276 1552; x_wconf 87' lang='lat' dir='ltr'>Setie</span> <span class='ocrx_word' id='word_1_20' title='bbox 1296 1481 1484 1574; x_wconf 88' lang='lat' dir='ltr'>imparium</span> <span class='ocrx_word' id='word_1_21' title='bbox 1502 1495 1599 1570; x_wconf 65' lang='grc' dir='ltr'>Μ,</span> <span class='ocrx_word' id='word_1_22' title='bbox 1614 1497 1652 1548; x_wconf 87' lang='grc' dir='ltr'>ιι</span> <span class='ocrx_word' id='word_1_23' title='bbox 1666 1521 1676 1554; x_wconf 63' lang='lat' dir='ltr'>t</span> <span class='ocrx_word' id='word_1_24' title='bbox 1691 1495 1757 1570; x_wconf 83' lang='lat'>15,</span> <span class='ocrx_word' id='word_1_25' title='bbox 1772 1496 1894 1571; x_wconf 74' lang='lat'>19,23</span> <span class='ocrx_word' id='word_1_26' title='bbox 1912 1497 2008 1558; x_wconf 79' lang='lat' dir='ltr'>etc..</span> 
     </span>
     <span class='ocr_line' id='line_1_6' title="bbox 481 1606 2008 1700; baseline 0 -24"><span class='ocrx_word' id='word_1_27' title='bbox 481 1628 521 1676; x_wconf 90' lang='lat' dir='ltr'>et</span> <span class='ocrx_word' id='word_1_28' title='bbox 548 1609 592 1678; x_wconf 85' lang='lat' dir='ltr'>ab</span> <span class='ocrx_word' id='word_1_29' title='bbox 618 1631 702 1677; x_wconf 89' lang='lat' dir='ltr'>arco</span> <span class='ocrx_word' id='word_1_30' title='bbox 730 1609 832 1678; x_wconf 89' lang='lat' dir='ltr'>simul</span> <span class='ocrx_word' id='word_1_31' title='bbox 871 1609 1094 1698; x_wconf 88' lang='lat' dir='ltr'>Hyperbolae</span> <span class='ocrx_word' id='word_1_32' title='bbox 1126 1609 1372 1699; x_wconf 75' lang='lat' dir='ltr'>aequilaterae</span> <span class='ocrx_word' id='word_1_33' title='bbox 1406 1627 1518 1700; x_wconf 90' lang='lat' dir='ltr'>atque</span> <span class='ocrx_word' id='word_1_34' title='bbox 1552 1606 1717 1696; x_wconf 87' lang='lat' dir='ltr'>Ellipseos</span> <span class='ocrx_word' id='word_1_35' title='bbox 1753 1607 1896 1700; x_wconf 89' lang='lat' dir='ltr'>quando</span> <span class='ocrx_word' id='word_1_36' title='bbox 1919 1631 1938 1673; x_wconf 83' lang='lat' dir='ltr'>r</span> <span class='ocrx_word' id='word_1_37' title='bbox 1959 1607 2008 1676; x_wconf 89' lang='lat' dir='ltr'>sit</span> 
     </span>
     <span class='ocr_line' id='line_1_7' title="bbox 483 1731 2007 1836; baseline -0.003 -32"><span class='ocrx_word' id='word_1_38' title='bbox 483 1755 528 1805; x_wconf 86' lang='lat' dir='ltr'>ex</span> <span class='ocrx_word' id='word_1_39' title='bbox 553 1735 691 1826; x_wconf 91' lang='lat' dir='ltr'>reliqua</span> <span class='ocrx_word' id='word_1_40' title='bbox 718 1735 902 1826; x_wconf 91' lang='lat' dir='ltr'>imparium</span> <span class='ocrx_word' id='word_1_41' title='bbox 927 1737 1023 1804; x_wconf 87' lang='lat' dir='ltr'>Serie</span> <span class='ocrx_word' id='word_1_42' title='bbox 1053 1757 1093 1814; x_wconf 87' lang='lat'>1,</span> <span class='ocrx_word' id='word_1_43' title='bbox 1108 1753 1203 1828; x_wconf 83' lang='lat'><strong>5.9‚</strong></span> <span class='ocrx_word' id='word_1_44' title='bbox 1219 1755 1287 1836; x_wconf 75' lang='lat'>.¹3⁸</span> <span class='ocrx_word' id='word_1_45' title='bbox 1305 1753 1419 1827; x_wconf 66' lang='lat' dir='ltr'>amr</span> <span class='ocrx_word' id='word_1_46' title='bbox 1449 1751 1545 1809; x_wconf 84' lang='lat' dir='ltr'>etc..</span> <span class='ocrx_word' id='word_1_47' title='bbox 1570 1753 1644 1824; x_wconf 88' lang='lat' dir='ltr'>quo</span> <span class='ocrx_word' id='word_1_48' title='bbox 1669 1731 1908 1804; x_wconf 89' lang='lat' dir='ltr'>Theoremate</span> <span class='ocrx_word' id='word_1_49' title='bbox 1943 1735 2007 1801; x_wconf 84' lang='lat' dir='ltr'>vix</span> 
     </span>
    </p>

    <p class='ocr_par' dir='ltr' id='par_1_5' title="bbox 398 1832 2006 2219">
     <span class='ocr_line' id='line_1_8' title="bbox 455 1832 2005 1954; baseline 0.001 -22"><span class='ocrx_word' id='word_1_50' title='bbox 455 1861 630 1940; x_wconf 79' lang='lat' dir='ltr'>utilius,</span> <span class='ocrx_word' id='word_1_51' title='bbox 655 1880 693 1932; x_wconf 93' lang='lat' dir='ltr'>et</span> <span class='ocrx_word' id='word_1_52' title='bbox 717 1832 915 1954; x_wconf 77' lang='lat' dir='ltr'>elegantius</span> <span class='ocrx_word' id='word_1_53' title='bbox 941 1865 976 1932; x_wconf 88' lang='lat' dir='ltr'>io</span> <span class='ocrx_word' id='word_1_54' title='bbox 1003 1863 1147 1952; x_wconf 85' lang='lat' dir='ltr'>Analysi</span> <span class='ocrx_word' id='word_1_55' title='bbox 1183 1859 1401 1934; x_wconf 84' lang='lat' dir='ltr'>infinitorum</span> <span class='ocrx_word' id='word_1_56' title='bbox 1433 1860 1606 1930; x_wconf 85' lang='lat' dir='ltr'>occurrit.</span> <span class='ocrx_word' id='word_1_57' title='bbox 1642 1855 1841 1954; x_wconf 82' lang='lat' dir='ltr'>lnte&#39;gratio</span> <span class='ocrx_word' id='word_1_58' title='bbox 1872 1863 2005 1934; x_wconf 82' lang='lat' dir='ltr'>etenim</span> 
     </span>
     <span class='ocr_line' id='line_1_9' title="bbox 398 1986 2006 2082; baseline -0.001 -24"><span class='ocrx_word' id='word_1_59' title='bbox 398 2065 400 2076; x_wconf 51' lang='lat'>‚</span> <span class='ocrx_word' id='word_1_60' title='bbox 477 1988 720 2060; x_wconf 85' lang='lat' dir='ltr'>Formularum</span> <span class='ocrx_word' id='word_1_61' title='bbox 755 1987 983 2059; x_wconf 80' lang='lat' dir='ltr'>binomialium</span> <span class='ocrx_word' id='word_1_62' title='bbox 1017 2011 1081 2082; x_wconf 90' lang='lat' dir='ltr'>per</span> <span class='ocrx_word' id='word_1_63' title='bbox 1106 1989 1284 2060; x_wconf 85' lang='lat' dir='ltr'>Elementa</span> <span class='ocrx_word' id='word_1_64' title='bbox 1319 1988 1454 2060; x_wconf 81' lang='lat' dir='ltr'>Calculi</span> <span class='ocrx_word' id='word_1_65' title='bbox 1489 1986 1697 2060; x_wconf 58' lang='lat' dir='ltr'>seminatoris·</span> <span class='ocrx_word' id='word_1_66' title='bbox 1720 1987 1903 2059; x_wconf 84' lang='lat' dir='ltr'>reducitur</span> <span class='ocrx_word' id='word_1_67' title='bbox 1927 2007 2006 2057; x_wconf 88' lang='lat' dir='ltr'>tan·</span> 
     </span>
     <span class='ocr_line' id='line_1_10' title="bbox 479 2110 2003 2219; baseline 0.001 -37"><span class='ocrx_word' id='word_1_68' title='bbox 479 2110 581 2193; x_wconf 83' lang='lat' dir='ltr'>dem.</span> <span class='ocrx_word' id='word_1_69' title='bbox 606 2135 749 2206; x_wconf 89' lang='lat' dir='ltr'>praeter</span> <span class='ocrx_word' id='word_1_70' title='bbox 773 2117 1008 2216; x_wconf 82' lang='lat' dir='ltr'>expressiones</span> <span class='ocrx_word' id='word_1_71' title='bbox 1033 2117 1247 2208; x_wconf 86' lang='lat' dir='ltr'>algebraicas</span> <span class='ocrx_word' id='word_1_72' title='bbox 1271 2135 1335 2188; x_wconf 90' lang='lat' dir='ltr'>aut</span> <span class='ocrx_word' id='word_1_73' title='bbox 1361 2135 1475 2186; x_wconf 89' lang='lat' dir='ltr'>rectas</span> <span class='ocrx_word' id='word_1_74' title='bbox 1510 2115 1661 2219; x_wconf 59' lang='lat' dir='ltr'>Lineas3</span> <span class='ocrx_word' id='word_1_75' title='bbox 1694 2115 1729 2184; x_wconf 91' lang='lat' dir='ltr'>in</span> <span class='ocrx_word' id='word_1_76' title='bbox 1762 2115 1835 2184; x_wconf 91' lang='lat' dir='ltr'>istis</span> <span class='ocrx_word' id='word_1_77' title='bbox 1867 2112 2003 2183; x_wconf 77' lang='lat' dir='ltr'>casibus</span> 
     </span>
    </p>
   </div>
   <div class='ocr_carea' id='block_1_5' title="bbox 377 2233 2053 4768">
    <p class='ocr_par' dir='ltr' id='par_1_6' title="bbox 477 2233 2002 2487">
     <span class='ocr_line' id='line_1_11' title="bbox 477 2233 2002 2446; baseline -0.001 -77"><span class='ocrx_word' id='word_1_78' title='bbox 477 2295 523 2369; x_wconf 90' lang='lat' dir='ltr'>ad</span> <span class='ocrx_word' id='word_1_79' title='bbox 547 2295 674 2371; x_wconf 85' lang='lat' dir='ltr'>formas</span> <span class='ocrx_word' id='word_1_80' title='bbox 685 2275 747 2446; x_wconf 79' lang='lat' dir='ltr'><em>s</em></span> <span class='ocrx_word' id='word_1_81' title='bbox 782 2233 1068 2441; x_wconf 40' lang='lat' dir='ltr'>‘lali-,s</span> <span class='ocrx_word' id='word_1_82' title='bbox 1215 2244 1389 2390; x_wconf 48' lang='lat' dir='ltr'>di„-</span> <span class='ocrx_word' id='word_1_83' title='bbox 1416 2322 1508 2382; x_wconf 70' lang='lat' dir='ltr'>etot</span> <span class='ocrx_word' id='word_1_84' title='bbox 1528 2320 1566 2373; x_wconf 90' lang='lat' dir='ltr'>et</span> <span class='ocrx_word' id='word_1_85' title='bbox 1586 2296 1724 2396; x_wconf 88' lang='lat' dir='ltr'>quando</span> <span class='ocrx_word' id='word_1_86' title='bbox 1742 2260 2002 2392; x_wconf 39' lang='lat' dir='ltr'>Ellipsisadsitc</span> 
     </span>
     <span class='ocr_line' id='line_1_12' title="bbox 759 2385 1378 2487; baseline 0.003 -8"><span class='ocrx_word' id='word_1_87' title='bbox 759 2385 941 2479; x_wconf 69' lang='lat' dir='ltr'>ls12÷z²</span> <span class='ocrx_word' id='word_1_88' title='bbox 1068 2386 1378 2487; x_wconf 65' lang='lat' dir='ltr'>tsi-lsr-ez&#39;</span> 
     </span>
    </p>

    <p class='ocr_par' dir='ltr' id='par_1_7' title="bbox 410 2521 2001 2870">
     <span class='ocr_line' id='line_1_13' title="bbox 477 2521 2001 2620; baseline 0.005 -34"><span class='ocrx_word' id='word_1_89' title='bbox 477 2539 518 2590; x_wconf 91' lang='lat' dir='ltr'>ea</span> <span class='ocrx_word' id='word_1_90' title='bbox 545 2521 692 2611; x_wconf 89' lang='lat' dir='ltr'>ipsamet</span> <span class='ocrx_word' id='word_1_91' title='bbox 718 2547 854 2617; x_wconf 83' lang='lat' dir='ltr'>semper</span> <span class='ocrx_word' id='word_1_92' title='bbox 878 2547 930 2597; x_wconf 90' lang='lat' dir='ltr'>est</span> <span class='ocrx_word' id='word_1_93' title='bbox 955 2551 973 2597; x_wconf 87' lang='lat' dir='ltr'>a</span> <span class='ocrx_word' id='word_1_94' title='bbox 1001 2529 1162 2620; x_wconf 77' lang='lat' dir='ltr'>Fagnano</span> <span class='ocrx_word' id='word_1_95' title='bbox 1198 2527 1357 2600; x_wconf 87' lang='lat' dir='ltr'>adhibita</span> <span class='ocrx_word' id='word_1_96' title='bbox 1384 2529 1418 2598; x_wconf 87' lang='lat' dir='ltr'>io</span> <span class='ocrx_word' id='word_1_97' title='bbox 1446 2523 1705 2598; x_wconf 83' lang='lat' dir='ltr'>rectificatione</span> <span class='ocrx_word' id='word_1_98' title='bbox 1742 2524 2001 2604; x_wconf 85' lang='lat' dir='ltr'>Lemniscatae.</span> 
     </span>
     <span class='ocr_line' id='line_1_14' title="bbox 410 2633 2001 2748; baseline 0.001 -31"><span class='ocrx_word' id='word_1_99' title='bbox 410 2695 420 2717; x_wconf 52' lang='lat' dir='ltr'><em>f</em></span> <span class='ocrx_word' id='word_1_100' title='bbox 476 2643 649 2718; x_wconf 80' lang='lat' dir='ltr'>videlicet</span> <span class='ocrx_word' id='word_1_101' title='bbox 684 2652 767 2732; x_wconf 85' lang='lat' dir='ltr'>illa,</span> <span class='ocrx_word' id='word_1_102' title='bbox 800 2655 902 2722; x_wconf 89' lang='lat' dir='ltr'>cuius</span> <span class='ocrx_word' id='word_1_103' title='bbox 932 2641 1204 2744; x_wconf 80' lang='lat' dir='ltr'>‹lescripcinnem</span> <span class='ocrx_word' id='word_1_104' title='bbox 1230 2653 1431 2724; x_wconf 87' lang='lat' dir='ltr'>facillimam</span> <span class='ocrx_word' id='word_1_105' title='bbox 1456 2633 1568 2748; x_wconf 88' lang='lat' dir='ltr'>atque</span> <span class='ocrx_word' id='word_1_106' title='bbox 1592 2651 1639 2724; x_wconf 87' lang='lat' dir='ltr'>ad</span> <span class='ocrx_word' id='word_1_107' title='bbox 1671 2653 1794 2744; x_wconf 86' lang='lat' dir='ltr'>praxin</span> <span class='ocrx_word' id='word_1_108' title='bbox 1818 2651 2001 2744; x_wconf 85' lang='lat' dir='ltr'>elegantis·</span> 
     </span>
     <span class='ocr_line' id='line_1_15' title="bbox 474 2767 1440 2870; baseline 0.008 -30"><span class='ocrx_word' id='word_1_109' title='bbox 474 2775 558 2845; x_wconf 85' lang='lat' dir='ltr'>sinte</span> <span class='ocrx_word' id='word_1_110' title='bbox 585 2776 878 2848; x_wconf 82' lang='lat' dir='ltr'>accommodatam</span> <span class='ocrx_word' id='word_1_111' title='bbox 903 2779 974 2848; x_wconf 87' lang='lat' dir='ltr'>alio</span> <span class='ocrx_word' id='word_1_112' title='bbox 998 2779 1076 2848; x_wconf 91' lang='lat' dir='ltr'>loco</span> <span class='ocrx_word' id='word_1_113' title='bbox 1100 2779 1277 2870; x_wconf 84' lang='lat' dir='ltr'>explicavi</span> <span class='ocrx_word' id='word_1_114' title='bbox 1299 2767 1440 2864; x_wconf 81' lang='lat'>(206).¹</span> 
     </span>
    </p>

    <p class='ocr_par' dir='ltr' id='par_1_8' title="bbox 377 2901 2053 4768">
     <span class='ocr_line' id='line_1_16' title="bbox 575 2901 2001 2998; baseline 0.004 -30"><span class='ocrx_word' id='word_1_115' title='bbox 575 2920 634 2992; x_wconf 85' lang='lat'>43.</span> <span class='ocrx_word' id='word_1_116' title='bbox 668 2901 721 2970; x_wconf 93' lang='lat' dir='ltr'>lca</span> <span class='ocrx_word' id='word_1_117' title='bbox 758 2924 811 2970; x_wconf 89' lang='lat' dir='ltr'>res</span> <span class='ocrx_word' id='word_1_118' title='bbox 846 2923 925 2974; x_wconf 90' lang='lat' dir='ltr'>erat</span> <span class='ocrx_word' id='word_1_119' title='bbox 960 2904 1004 2972; x_wconf 90' lang='lat' dir='ltr'>de</span> <span class='ocrx_word' id='word_1_120' title='bbox 1041 2903 1135 2974; x_wconf 88' lang='lat' dir='ltr'>bisce</span> <span class='ocrx_word' id='word_1_121' title='bbox 1171 2904 1406 2996; x_wconf 85' lang='lat' dir='ltr'>integralibus</span> <span class='ocrx_word' id='word_1_122' title='bbox 1439 2905 1475 2976; x_wconf 87' lang='lat' dir='ltr'>in</span> <span class='ocrx_word' id='word_1_123' title='bbox 1510 2905 1640 2998; x_wconf 88' lang='lat' dir='ltr'>Magna</span> <span class='ocrx_word' id='word_1_124' title='bbox 1675 2905 1853 2976; x_wconf 87' lang='lat' dir='ltr'>Britannia</span> <span class='ocrx_word' id='word_1_125' title='bbox 1886 2923 2001 2997; x_wconf 89' lang='lat' dir='ltr'>quum</span> 
     </span>
     <span class='ocr_line' id='line_1_17' title="bbox 377 3021 2053 3126; baseline 0.001 -31"><span class='ocrx_word' id='word_1_126' title='bbox 377 3021 380 3028; x_wconf 74' lang='grc'>’</span> <span class='ocrx_word' id='word_1_127' title='bbox 474 3025 724 3102; x_wconf 68' lang='lat' dir='ltr'>ellembertus,</span> <span class='ocrx_word' id='word_1_128' title='bbox 749 3025 860 3117; x_wconf 86' lang='lat' dir='ltr'>prima</span> <span class='ocrx_word' id='word_1_129' title='bbox 886 3027 1002 3098; x_wconf 87' lang='lat' dir='ltr'>adbuc</span> <span class='ocrx_word' id='word_1_130' title='bbox 1028 3031 1220 3100; x_wconf 85' lang='lat' dir='ltr'>iuventute</span> <span class='ocrx_word' id='word_1_131' title='bbox 1246 3029 1372 3099; x_wconf 86' lang='lat' dir='ltr'>llorens</span> <span class='ocrx_word' id='word_1_132' title='bbox 1397 3026 1519 3123; x_wconf 62' lang='grc' dir='ltr'><strong>(ποῖ),</strong></span> <span class='ocrx_word' id='word_1_133' title='bbox 1544 3053 1795 3126; x_wconf 78' lang='lat' dir='ltr'>argumentum</span> <span class='ocrx_word' id='word_1_134' title='bbox 1820 3033 1911 3101; x_wconf 88' lang='lat' dir='ltr'>idem</span> <span class='ocrx_word' id='word_1_135' title='bbox 1936 3053 1998 3122; x_wconf 85' lang='lat' dir='ltr'>ag·</span> <span class='ocrx_word' id='word_1_136' title='bbox 2045 3085 2053 3096; x_wconf 94' lang='lat'>.</span> 
     </span>
     <span class='ocr_line' id='line_1_18' title="bbox 380 3134 1999 3249; baseline 0.007 -34"><span class='ocrx_word' id='word_1_137' title='bbox 380 3203 383 3209; x_wconf 92' lang='lat'><em>.</em></span> <span class='ocrx_word' id='word_1_138' title='bbox 475 3169 613 3239; x_wconf 80' lang='lat' dir='ltr'>gressus</span> <span class='ocrx_word' id='word_1_139' title='bbox 639 3147 730 3228; x_wconf 84' lang='lat' dir='ltr'>fuit;</span> <span class='ocrx_word' id='word_1_140' title='bbox 756 3173 820 3223; x_wconf 89' lang='lat' dir='ltr'>nec</span> <span class='ocrx_word' id='word_1_141' title='bbox 848 3155 951 3224; x_wconf 90' lang='lat' dir='ltr'>modo</span> <span class='ocrx_word' id='word_1_142' title='bbox 975 3153 1148 3226; x_wconf 86' lang='lat' dir='ltr'>theoriam</span> <span class='ocrx_word' id='word_1_143' title='bbox 1175 3134 1265 3249; x_wconf 83' lang='lat' dir='ltr'>pene</span> <span class='ocrx_word' id='word_1_144' title='bbox 1290 3177 1429 3226; x_wconf 83' lang='lat' dir='ltr'>omnent</span> <span class='ocrx_word' id='word_1_145' title='bbox 1454 3158 1669 3249; x_wconf 82' lang='lat' dir='ltr'>complevit.</span> <span class='ocrx_word' id='word_1_146' title='bbox 1696 3161 1952 3230; x_wconf 80' lang='lat' dir='ltr'>verumetiam</span> <span class='ocrx_word' id='word_1_147' title='bbox 1978 3179 1999 3227; x_wconf 88' lang='lat' dir='ltr'>a</span> 
     </span>
     <span class='ocr_line' id='line_1_19' title="bbox 474 3271 1998 3380; baseline 0.005 -36"><span class='ocrx_word' id='word_1_148' title='bbox 474 3277 572 3344; x_wconf 87' lang='lat' dir='ltr'>novis</span> <span class='ocrx_word' id='word_1_149' title='bbox 597 3271 831 3350; x_wconf 89' lang='lat' dir='ltr'>fundamentis</span> <span class='ocrx_word' id='word_1_150' title='bbox 856 3283 990 3354; x_wconf 85' lang='lat' dir='ltr'>erexit.</span> <span class='ocrx_word' id='word_1_151' title='bbox 1016 3283 1182 3356; x_wconf 87' lang='lat' dir='ltr'>Nondum</span> <span class='ocrx_word' id='word_1_152' title='bbox 1208 3309 1328 3361; x_wconf 88' lang='lat' dir='ltr'>autem</span> <span class='ocrx_word' id='word_1_153' title='bbox 1356 3289 1472 3361; x_wconf 84' lang='lat' dir='ltr'>fuerat</span> <span class='ocrx_word' id='word_1_154' title='bbox 1500 3307 1544 3355; x_wconf 84' lang='lat' dir='ltr'>est</span> <span class='ocrx_word' id='word_1_155' title='bbox 1571 3285 1723 3380; x_wconf 81' lang='lat' dir='ltr'>Anglico</span> <span class='ocrx_word' id='word_1_156' title='bbox 1754 3287 1789 3355; x_wconf 90' lang='lat' dir='ltr'>in</span> <span class='ocrx_word' id='word_1_157' title='bbox 1821 3284 1998 3354; x_wconf 84' lang='lat' dir='ltr'>Gallicum</span> 
     </span>
     <span class='ocr_line' id='line_1_20' title="bbox 473 3409 1998 3504; baseline 0.005 -35"><span class='ocrx_word' id='word_1_158' title='bbox 473 3421 666 3472; x_wconf 86' lang='lat' dir='ltr'>sermonem</span> <span class='ocrx_word' id='word_1_159' title='bbox 694 3427 812 3478; x_wconf 88' lang='lat' dir='ltr'>versus</span> <span class='ocrx_word' id='word_1_160' title='bbox 839 3409 1020 3481; x_wconf 80' lang='lat' dir='ltr'>Tractatus</span> <span class='ocrx_word' id='word_1_161' title='bbox 1045 3412 1257 3487; x_wconf 86' lang='lat' dir='ltr'>Maclautini</span> <span class='ocrx_word' id='word_1_162' title='bbox 1285 3413 1396 3504; x_wconf 81' lang='lat' dir='ltr'>(noll)</span> <span class='ocrx_word' id='word_1_163' title='bbox 1421 3435 1460 3483; x_wconf 83' lang='lat' dir='ltr'>ea</span> <span class='ocrx_word' id='word_1_164' title='bbox 1487 3427 1719 3504; x_wconf 83' lang='lat' dir='ltr'>tempestate,</span> <span class='ocrx_word' id='word_1_165' title='bbox 1744 3431 1809 3504; x_wconf 86' lang='lat' dir='ltr'>qua</span> <span class='ocrx_word' id='word_1_166' title='bbox 1842 3410 1998 3480; x_wconf 84' lang='lat' dir='ltr'>acutissi-</span> 
     </span>
     <span class='ocr_line' id='line_1_21' title="bbox 472 3530 1997 3612; baseline 0.006 -16"><span class='ocrx_word' id='word_1_167' title='bbox 472 3547 544 3598; x_wconf 90' lang='lat' dir='ltr'>mus</span> <span class='ocrx_word' id='word_1_168' title='bbox 569 3530 628 3598; x_wconf 91' lang='lat' dir='ltr'>ille</span> <span class='ocrx_word' id='word_1_169' title='bbox 654 3533 845 3607; x_wconf 88' lang='lat' dir='ltr'>Geometra</span> <span class='ocrx_word' id='word_1_170' title='bbox 871 3539 905 3606; x_wconf 89' lang='lat' dir='ltr'>io</span> <span class='ocrx_word' id='word_1_171' title='bbox 933 3541 1187 3612; x_wconf 81' lang='lat' dir='ltr'>Commentariis</span> <span class='ocrx_word' id='word_1_172' title='bbox 1221 3541 1439 3612; x_wconf 71' lang='lat' dir='ltr'>berolinensis</span> <span class='ocrx_word' id='word_1_173' title='bbox 1476 3538 1682 3609; x_wconf 80' lang='lat' dir='ltr'>Academiae</span> <span class='ocrx_word' id='word_1_174' title='bbox 1718 3539 1838 3608; x_wconf 89' lang='lat' dir='ltr'>relatis</span> <span class='ocrx_word' id='word_1_175' title='bbox 1863 3536 1908 3606; x_wconf 90' lang='lat' dir='ltr'>ad</span> <span class='ocrx_word' id='word_1_176' title='bbox 1932 3559 1997 3607; x_wconf 88' lang='lat' dir='ltr'>an·</span> 
     </span>
     <span class='ocr_line' id='line_1_22' title="bbox 475 3655 1996 3756; baseline 0.005 -32"><span class='ocrx_word' id='word_1_177' title='bbox 475 3675 535 3724; x_wconf 90' lang='lat' dir='ltr'>nos</span> <span class='ocrx_word' id='word_1_178' title='bbox 561 3655 1367 3742; x_wconf 59' lang='lat' dir='ltr'>M.Dcc.XLV1¹⁰¹²¹.aeM.DCC.XLV111W,¹¹¹,</span> <span class='ocrx_word' id='word_1_179' title='bbox 1401 3667 1504 3756; x_wconf 68' lang='lat'><em>(209)</em></span> <span class='ocrx_word' id='word_1_180' title='bbox 1535 3663 1729 3735; x_wconf 83' lang='lat' dir='ltr'>elaboratas</span> <span class='ocrx_word' id='word_1_181' title='bbox 1763 3663 1909 3756; x_wconf 85' lang='lat' dir='ltr'>protulit</span> <span class='ocrx_word' id='word_1_182' title='bbox 1942 3663 1996 3731; x_wconf 90' lang='lat' dir='ltr'>lu·</span> 
     </span>
     <span class='ocr_line' id='line_1_23' title="bbox 473 3779 1996 3887; baseline 0.008 -40"><span class='ocrx_word' id='word_1_183' title='bbox 473 3779 693 3852; x_wconf 88' lang='lat' dir='ltr'>cubrationes</span> <span class='ocrx_word' id='word_1_184' title='bbox 720 3787 755 3854; x_wconf 89' lang='lat' dir='ltr'>in</span> <span class='ocrx_word' id='word_1_185' title='bbox 782 3787 873 3858; x_wconf 89' lang='lat' dir='ltr'>hanc</span> <span class='ocrx_word' id='word_1_186' title='bbox 898 3789 1081 3882; x_wconf 82' lang='lat' dir='ltr'>integralis</span> <span class='ocrx_word' id='word_1_187' title='bbox 1107 3794 1238 3864; x_wconf 88' lang='lat' dir='ltr'>Calculi</span> <span class='ocrx_word' id='word_1_188' title='bbox 1263 3799 1400 3887; x_wconf 82' lang='lat' dir='ltr'>part&#39;etn</span> <span class='ocrx_word' id='word_1_189' title='bbox 1427 3791 1734 3886; x_wconf 84' lang='lat' dir='ltr'>amplificandam.</span> <span class='ocrx_word' id='word_1_190' title='bbox 1755 3791 1896 3860; x_wconf 89' lang='lat' dir='ltr'>Relicta</span> <span class='ocrx_word' id='word_1_191' title='bbox 1913 3791 1996 3876; x_wconf 90' lang='lat' dir='ltr'>Syn·</span> 
     </span>
     <span class='ocr_line' id='line_1_24' title="bbox 473 3901 1995 4018; baseline 0.007 -48"><span class='ocrx_word' id='word_1_192' title='bbox 473 3901 564 4000; x_wconf 80' lang='lat' dir='ltr'>thesi</span> <span class='ocrx_word' id='word_1_193' title='bbox 586 3908 822 4018; x_wconf 21' lang='lat' dir='ltr'>&#39;Maclaurinm</span> <span class='ocrx_word' id='word_1_194' title='bbox 847 3917 960 4011; x_wconf 83' lang='lat' dir='ltr'>omnia</span> <span class='ocrx_word' id='word_1_195' title='bbox 987 3938 1276 4007; x_wconf 85' lang='lat' dir='ltr'>superstruuntut</span> <span class='ocrx_word' id='word_1_196' title='bbox 1299 3919 1344 3992; x_wconf 90' lang='lat' dir='ltr'>ab</span> <span class='ocrx_word' id='word_1_197' title='bbox 1368 3942 1411 3990; x_wconf 90' lang='lat' dir='ltr'>en</span> <span class='ocrx_word' id='word_1_198' title='bbox 1442 3920 1625 3992; x_wconf 87' lang='lat' dir='ltr'>elementis</span> <span class='ocrx_word' id='word_1_199' title='bbox 1649 3938 1800 3989; x_wconf 89' lang='lat' dir='ltr'>arcuum</span> <span class='ocrx_word' id='word_1_200' title='bbox 1833 3917 1995 4006; x_wconf 83' lang='lat' dir='ltr'>Ellipseos</span> 
     </span>
     <span class='ocr_line' id='line_1_25' title="bbox 471 4037 1995 4151; baseline 0.004 -47"><span class='ocrx_word' id='word_1_201' title='bbox 471 4044 589 4131; x_wconf 63' lang='lat' dir='ltr'>atque*</span> <span class='ocrx_word' id='word_1_202' title='bbox 610 4037 837 4130; x_wconf 86' lang='lat' dir='ltr'>Hyperbolae</span> <span class='ocrx_word' id='word_1_203' title='bbox 864 4041 1041 4134; x_wconf 90' lang='lat' dir='ltr'>Apollonii</span> <span class='ocrx_word' id='word_1_204' title='bbox 1066 4045 1169 4132; x_wconf 81' lang='lat' dir='ltr'>(nro)</span> <span class='ocrx_word' id='word_1_205' title='bbox 1194 4047 1252 4116; x_wconf 88' lang='lat' dir='ltr'>vel</span> <span class='ocrx_word' id='word_1_206' title='bbox 1277 4043 1322 4118; x_wconf 91' lang='lat' dir='ltr'>ad</span> <span class='ocrx_word' id='word_1_207' title='bbox 1348 4047 1498 4140; x_wconf 85' lang='lat' dir='ltr'>primum</span> <span class='ocrx_word' id='word_1_208' title='bbox 1528 4041 1641 4151; x_wconf 74' lang='lat' dir='ltr'>velad</span> <span class='ocrx_word' id='word_1_209' title='bbox 1658 4037 1860 4118; x_wconf 78' lang='lat' dir='ltr'>&#39;secundum</span> <span class='ocrx_word' id='word_1_210' title='bbox 1880 4043 1995 4112; x_wconf 83' lang='lat' dir='ltr'>Axem</span> 
     </span>
     <span class='ocr_line' id='line_1_26' title="bbox 471 4166 1996 4269; baseline 0.003 -35"><span class='ocrx_word' id='word_1_211' title='bbox 471 4167 737 4262; x_wconf 62' lang='lat' dir='ltr'>ordinatorum</span> <span class='ocrx_word' id='word_1_212' title='bbox 758 4189 850 4266; x_wconf 89' lang='lat' dir='ltr'>qnae</span> <span class='ocrx_word' id='word_1_213' title='bbox 871 4193 1018 4242; x_wconf 87' lang='lat' dir='ltr'>arcuum</span> <span class='ocrx_word' id='word_1_214' title='bbox 1047 4171 1221 4244; x_wconf 87' lang='lat' dir='ltr'>elementa</span> <span class='ocrx_word' id='word_1_215' title='bbox 1242 4179 1373 4269; x_wconf 91' lang='lat' dir='ltr'>etipse</span> <span class='ocrx_word' id='word_1_216' title='bbox 1393 4177 1493 4248; x_wconf 87' lang='lat' dir='ltr'>novit</span> <span class='ocrx_word' id='word_1_217' title='bbox 1520 4174 1760 4254; x_wconf 86' lang='lat' dir='ltr'>Maclanrinns</span> <span class='ocrx_word' id='word_1_218' title='bbox 1784 4168 1841 4255; x_wconf 81' lang='lat' dir='ltr'>(nr</span> <span class='ocrx_word' id='word_1_219' title='bbox 1855 4167 1904 4253; x_wconf 82' lang='grc' dir='ltr'>ι).</span> <span class='ocrx_word' id='word_1_220' title='bbox 1934 4166 1996 4238; x_wconf 88' lang='lat' dir='ltr'>sed</span> 
     </span>
     <span class='ocr_line' id='line_1_27' title="bbox 475 4293 1995 4395; baseline 0.005 -37"><span class='ocrx_word' id='word_1_221' title='bbox 475 4297 681 4386; x_wconf 89' lang='lat' dir='ltr'>nescioquo</span> <span class='ocrx_word' id='word_1_222' title='bbox 706 4293 780 4368; x_wconf 90' lang='lat' dir='ltr'>fato</span> <span class='ocrx_word' id='word_1_223' title='bbox 805 4299 1027 4390; x_wconf 87' lang='lat' dir='ltr'>posthabuit.</span> <span class='ocrx_word' id='word_1_224' title='bbox 1053 4293 1194 4390; x_wconf 78' lang='lat' dir='ltr'>Quanta</span> <span class='ocrx_word' id='word_1_225' title='bbox 1216 4323 1300 4388; x_wconf 75' lang='lat' dir='ltr'>vero</span> <span class='ocrx_word' id='word_1_226' title='bbox 1318 4298 1424 4372; x_wconf 87' lang='lat' dir='ltr'>animi</span> <span class='ocrx_word' id='word_1_227' title='bbox 1450 4301 1636 4395; x_wconf 81' lang='lat' dir='ltr'>voluptate</span> <span class='ocrx_word' id='word_1_228' title='bbox 1655 4297 1879 4370; x_wconf 87' lang='lat' dir='ltr'>Alembertns</span> <span class='ocrx_word' id='word_1_229' title='bbox 1897 4293 1995 4364; x_wconf 89' lang='lat' dir='ltr'>idem</span> 
     </span>
     <span class='ocr_line' id='line_1_28' title="bbox 474 4407 1998 4520; baseline 0.005 -38"><span class='ocrx_word' id='word_1_230' title='bbox 474 4419 643 4486; x_wconf 89' lang='lat' dir='ltr'>nuncium</span> <span class='ocrx_word' id='word_1_231' title='bbox 662 4424 852 4510; x_wconf 86' lang='lat' dir='ltr'>accepisset</span> <span class='ocrx_word' id='word_1_232' title='bbox 869 4419 994 4497; x_wconf 80' lang='lat' dir='ltr'>cunct‘a</span> <span class='ocrx_word' id='word_1_233' title='bbox 1014 4426 1168 4497; x_wconf 85' lang='lat' dir='ltr'>derivati</span> <span class='ocrx_word' id='word_1_234' title='bbox 1188 4430 1339 4520; x_wconf 85' lang='lat' dir='ltr'>potuisse</span> <span class='ocrx_word' id='word_1_235' title='bbox 1359 4429 1403 4497; x_wconf 92' lang='lat' dir='ltr'>ab</span> <span class='ocrx_word' id='word_1_236' title='bbox 1421 4429 1530 4497; x_wconf 91' lang='lat' dir='ltr'>unico</span> <span class='ocrx_word' id='word_1_237' title='bbox 1539 4427 1678 4497; x_wconf 86' lang='lat' dir='ltr'>Pascalii</span> <span class='ocrx_word' id='word_1_238' title='bbox 1697 4407 1918 4496; x_wconf 80' lang='lat' dir='ltr'>consecranei</span> <span class='ocrx_word' id='word_1_239' title='bbox 1940 4419 1998 4490; x_wconf 84' lang='lat' dir='ltr'>sui</span> 
     </span>
     <span class='ocr_line' id='line_1_29' title="bbox 476 4529 1997 4642; baseline 0.004 -34"><span class='ocrx_word' id='word_1_240' title='bbox 476 4561 514 4609; x_wconf 89' lang='lat' dir='ltr'>et</span> <span class='ocrx_word' id='word_1_241' title='bbox 538 4544 748 4633; x_wconf 85' lang='lat' dir='ltr'>perantiquo</span> <span class='ocrx_word' id='word_1_242' title='bbox 774 4545 1031 4619; x_wconf 85' lang='lat' dir='ltr'>Theoremate!</span> <span class='ocrx_word' id='word_1_243' title='bbox 1058 4553 1244 4642; x_wconf 83' lang='lat' dir='ltr'>Quomodo</span> <span class='ocrx_word' id='word_1_244' title='bbox 1267 4551 1335 4622; x_wconf 89' lang='lat' dir='ltr'>boc</span> <span class='ocrx_word' id='word_1_245' title='bbox 1360 4549 1442 4626; x_wconf 81' lang='lat' dir='ltr'>stat.</span> <span class='ocrx_word' id='word_1_246' title='bbox 1461 4529 1748 4642; x_wconf 85' lang='lat' dir='ltr'>Bougainvillinm</span> <span class='ocrx_word' id='word_1_247' title='bbox 1766 4551 1871 4636; x_wconf 77' lang='lat' dir='ltr'>(nra)</span> <span class='ocrx_word' id='word_1_248' title='bbox 1889 4567 1997 4640; x_wconf 89' lang='lat' dir='ltr'>atque</span> 
     </span>
     <span class='ocr_line' id='line_1_30' title="bbox 474 4665 1998 4768; baseline 0.004 -32"><span class='ocrx_word' id='word_1_249' title='bbox 474 4665 666 4738; x_wconf 87' lang='lat' dir='ltr'>Cousioum</span> <span class='ocrx_word' id='word_1_250' title='bbox 692 4667 795 4758; x_wconf 76' lang='lat'>(213)</span> <span class='ocrx_word' id='word_1_251' title='bbox 821 4671 1016 4741; x_wconf 85' lang='lat' dir='ltr'>Alcmberti</span> <span class='ocrx_word' id='word_1_252' title='bbox 1042 4677 1187 4750; x_wconf 85' lang='lat' dir='ltr'>inventa</span> <span class='ocrx_word' id='word_1_253' title='bbox 1213 4695 1428 4767; x_wconf 84' lang='lat' dir='ltr'>repetentes,</span> <span class='ocrx_word' id='word_1_254' title='bbox 1455 4697 1493 4746; x_wconf 89' lang='lat' dir='ltr'>et</span> <span class='ocrx_word' id='word_1_255' title='bbox 1518 4679 1761 4749; x_wconf 85' lang='lat' dir='ltr'>Alembercnm</span> <span class='ocrx_word' id='word_1_256' title='bbox 1787 4679 1900 4768; x_wconf 83' lang='lat' dir='ltr'>ipsum</span> <span class='ocrx_word' id='word_1_257' title='bbox 1914 4694 1998 4744; x_wconf 87' lang='lat' dir='ltr'>tum</span> 
     </span>
    </p>
   </div>
   <div class='ocr_carea' id='block_1_6' title="bbox 396 4794 2001 5006">
    <p class='ocr_par' dir='ltr' id='par_1_9' title="bbox 396 4794 2001 5006">
     <span class='ocr_line' id='line_1_31' title="bbox 396 4794 2001 4898; baseline 0.004 -34"><span class='ocrx_word' id='word_1_258' title='bbox 396 4887 400 4896; x_wconf 33' lang='grc' dir='ltr'>Ι</span> <span class='ocrx_word' id='word_1_259' title='bbox 475 4795 510 4866; x_wconf 89' lang='lat' dir='ltr'>in</span> <span class='ocrx_word' id='word_1_260' title='bbox 523 4794 775 4868; x_wconf 76' lang='lat' dir='ltr'>Commentariis</span> <span class='ocrx_word' id='word_1_261' title='bbox 792 4795 934 4878; x_wconf 81' lang='lat' dir='ltr'>iisdem,</span> <span class='ocrx_word' id='word_1_262' title='bbox 950 4817 1025 4871; x_wconf 87' lang='lat' dir='ltr'>tum</span> <span class='ocrx_word' id='word_1_263' title='bbox 1040 4800 1080 4872; x_wconf 84' lang='lat' dir='ltr'>itt</span> <span class='ocrx_word' id='word_1_264' title='bbox 1094 4805 1162 4874; x_wconf 85' lang='lat' dir='ltr'>ruis</span> <span class='ocrx_word' id='word_1_265' title='bbox 1173 4800 1342 4897; x_wconf 78' lang='lat' dir='ltr'>opusculis</span> <span class='ocrx_word' id='word_1_266' title='bbox 1354 4803 1608 4877; x_wconf 77' lang='lat' dir='ltr'>Mathematicis</span> <span class='ocrx_word' id='word_1_267' title='bbox 1626 4806 1828 4898; x_wconf 86' lang='lat' dir='ltr'>pracsertim</span> <span class='ocrx_word' id='word_1_268' title='bbox 1846 4821 2001 4890; x_wconf 84' lang='lat' dir='ltr'>sequen·</span> 
     </span>
     <span class='ocr_line' id='line_1_32' title="bbox 1875 4925 1947 5006; baseline -0.014 -10"><span class='ocrx_word' id='word_1_269' title='bbox 1875 4925 1947 5006; x_wconf 85' lang='lat' dir='ltr'>do,</span> 
     </span>
    </p>
   </div>
   <div class='ocr_carea' id='block_1_7' title="bbox 0 0 2260 6134">
    <p class='ocr_par' dir='ltr' id='par_1_10' title="bbox 0 0 2260 6134">
     <span class='ocr_line' id='line_1_33' title="bbox 0 0 2260 6134; baseline 0 5"><span class='ocrx_word' id='word_1_270' title='bbox 0 0 2260 6134; x_wconf 95' lang='lat' dir='ltr'> </span> 
     </span>
    </p>
   </div>
  </div>
 </body>
</html>
