4468 6124
561 363 581 396 ἢ

504 364 663 531 Quaiebam
686 449 722 509 de
744 445 1095 510 tartarearum-circuli
1113 445 1253 522 familia,
1271 447 1362 514 etde
1380 469 1488 516 earum
1508 475 1580 518 ana·

548 530 632 604 logia
651 545 721 586 cum
741 525 921 600 Hyperbola
940 529 1136 588 nsesolabice.
1597 533 1672 596 ibid,
1727 567 1735 582 .

506 607 652 668 Aliorum
671 605 830 662 cenorum
850 601 1020 664 iacentium
1038 609 1221 676 scalmorum
1241 607 1427 684 Quadratae
1454 623 1502 669 est
1525 607 1580 671 Li·
1647 617 1656 626 “

547 759 605 798 nea
625 735 740 796 ordinis
760 713 806 811 4¹¹.
820 738 949 815 analoga
960 737 1306 815 Hyperbolaecirculir
1319 742 1465 822 illiusque
1476 747 1580 806 Areae

546 817 699 875 dimensio
727 815 845 878 idcirco
870 837 890 876 a
916 834 1064 878 mensura
1091 819 1270 897 Spatiorum
1300 820 1576 882 circularium'de·

548 891 684 979 pendet.
1596 899 1673 964 ibid.
1683 919 1718 968 et
1739 907 1802 987 185.

513 967 695 1045 superficies
722 968 799 1030 Coni
826 969 988 1032 circularis
1017 971 1131 1052 obliqui
1150 971 1188 1034 ad
1215 970 1298 1050 quod
1315 974 1583 1038 transcendentium
1675 1000 1678 1004 ·

556 1061 651 1120 genus
670 1049 826 1124 pertineat
845 1067 916 1108 cum
936 1049 980 1112 Le
1000 1051 1123 1112 Gendre
1142 1051 1334 1128 explicatur.
1600 1053 1676 1117 ibid.

514 1119 612 1182 Cusus
632 1122 812 1200 Superficiei
834 1127 911 1186 Coni
933 1127 1062 1204 elliptici
1082 1133 1194 1188 scaleni
1212 1149 1233 1187 a
1253 1128 1442 1203 quadratura
1461 1127 1583 1190 Circuli

551 1199 765 1274 impetrandae
785 1201 909 1260 facilius
933 1206 1101 1264 resolvitur
1129 1221 1224 1279 quam
1251 1219 1308 1280 per
1337 1203 1489 1264 narranti
1515 1207 1584 1267 sive

552 1275 727 1336 Aiembetti
742 1276 942 1358 methodum.
1735 1285 1802 1349 18⁶,

513 1352 657 1415 Formula
678 1353 829 1428 quaedam
850 1351 1076 1426 differentialis,
1096 1353 1185 1414 cuius
1212 1353 1454 1432 integrationem
1473 1355 1582 1416 Alem-

550 1430 656 1488 bertus
676 1431 722 1488 ait
741 1449 759 1488 a
779 1428 1005 1490 rectificatione
1025 1431 1141 1491 Circuli
1161 1433 1325 1508 consequi,
1344 1447 1392 1492 est
1417 1451 1454 1492 ex
1474 1433 1582 1494 adver·

553 1523 585 1562 so
606 1506 778 1580 sigebraice
797 1507 1012 1584 integrabilis.
1108 1511 1115 1520 '
1604 1511 1678 1576 ibid.

466 1610 471 1620 ·
514 1581 785 1658 Quemadmodum
805 1582 990 1658 Superficies
1009 1584 1086 1644 Coni
1106 1587 1182 1646 recti
1200 1583 1362 1644 circularis
1384 1583 1415 1642 in
1435 1605 1504 1645 eam
1524 1601 1598 1658 tta·¹

554 1658 682 1718 ducitur
702 1657 842 1734 Cylindri
864 1661 982 1736 pariter
1001 1662 1163 1720 circularis
1181 1679 1217 1720 ac
1237 1664 1331 1722 recti.
1357 1659 1402 1718 ita
1421 1666 1517 1722 etiam
1537 1681 1587 1722 su·

514 1757 518 1767 ¹
554 1732 698 1811 perficies
717 1734 858 1810 Cylindri
879 1737 1011 1812 elliptici
1031 1743 1105 1798 secti
1126 1736 1162 1798 fit
1191 1737 1284 1796 facile
1313 1739 1450 1812 aequalis
1477 1740 1588 1814 Super·

554 1811 639 1873 ficiei
658 1811 797 1888 Cylindri
818 1813 981 1872 circularis
1001 1818 1129 1874 scaleni.
1159 1813 1313 1890 Analogia
1343 1815 1452 1872 exinde
1480 1817 1585 1876 oritur

440 1957 446 1970 ⁸
555 1907 636 1948 nova
653 1887 828 1948 doctrinam
851 1891 933 1948 inter
952 1889 1082 1950 Pascalii
1101 1907 1135 1951 et
1154 1888 1329 1952 Alemberti
1350 1889 1534 1966 theoricen.
1742 1890 1806 1964 183.

483 1963 513 2042 §.
534 1975 579 2044 55.
601 1966 799 2040 Comparatio
820 1967 960 2042 Cylindri
982 1983 1014 2027 et
1033 1970 1111 2028 Coni
1132 1969 1294 2028 circularis
1324 1971 1437 2027 scaleni
1467 1967 1589 2044 longius

556 2043 748 2122 porrigitur,
769 2045 910 2120 exemplo
931 2043 1026 2106 ducto
1046 2065 1065 2104 a
1083 2047 1253 2124 perinsigni
1281 2043 1476 2104 Problemata
1504 2046 1589 2104 Nea·
1638 2119 1644 2130 Ι

531 2177 533 2182 ,
555 2120 712 2196 pelicano.
1390 2189 1402 2198 ‚
1604 2117 1718 2179 ibadet
1739 2119 1800 2180 188.

520 2195 591 2257 Hoc
610 2196 772 2257 Problema
793 2196 822 2253 in
843 2195 992 2270 singulari
1012 2197 1079 2256 eius
1099 2215 1173 2256 casu
1193 2197 1328 2272 primum
1347 2212 1381 2256 et
1399 2195 1592 2272 simplicissi-

557 2293 607 2332 me
627 2272 758 2330 solvitut
779 2291 814 2332 ac
836 2271 1083 2340 demonstratur,
1104 2273 1212 2346 illique
1227 2271 1454 2348 periucundum
1469 2271 1591 2332 accedit

556 2364 774 2408 ornamentum
793 2363 857 2405 tarn
877 2367 913 2404 ex
932 2349 1048 2407 Grandi
1078 2347 1251 2416 Mesolabo,
1279 2368 1373 2423 quam
1403 2368 1439 2407 ex
1468 2352 1590 2408 noviter

558 2427 679 2485 detecta
700 2421 858 2481 harmonia
879 2424 961 2484 inter
988 2423 1201 2502 Hyperbolum
1229 2427 1455 2502 aequilateram
1477 2447 1512 2486 ac
1528 2430 1591 2504 pri·

559 2504 685 2563 nuntiares
705 2499 1024 2578 Cyclocylindricam.
1745 2495 1807 2572 189.

518 2583 604 2645 ldem
621 2577 780 2638 Problenra
792 2577 830 2636 de
843 2579 992 2639 universis
1007 2577 1191 2652 obliquorum
1204 2575 1362 2636 cenorum
1377 2575 1489 2648 sufibus
1503 2597 1591 2657 prae·

561 2659 700 2717 dicatum
720 2653 806 2714 facili
826 2653 1090 2714 demonstratione
1110 2652 1271 2720 firmatur,
1292 2653 1373 2713 unde
1393 2673 1516 2716 constat
1535 2659 1590 2716 Su·

558 2731 717 2812 perficiem
736 2731 873 2790 cuiusvis
893 2733 1002 2808 obliqui
1022 2732 1101 2792 Coni
1121 2729 1284 2788 circularis
1312 2731 1371 2790 sibi
1400 2747 1521 2808 semper
1540 2753 1590 2792 ae·

559 2810 683 2889 qualern
707 2807 818 2866 habere
839 2824 959 2884 partem
977 2807 1145 2886 quamdam
1164 2803 1347 2884 superficiei
1367 2811 1440 2868 recti
1457 2811 1613 2887 circula·¹
1639 2872 1646 2886 ,

563 2891 605 2948 ris
625 2884 785 2961 Cylindri.
1603 2872 1721 2934 tbtd.tt
1743 2885 1804 2948 190.

525 2964 690 3043 Quomodo
710 2961 815 3022 eadem
836 2959 1017 3036 Hyperboia
1037 2958 1160 3036 gemino
1188 2958 1337 3018 inserviat
1363 2959 1446 3020 Cono
1475 2961 1590 3019 scaleno

562 3037 745 3102 exhibetur.
767 3037 884 3095 Iterum
905 3036 1033 3110 effulget
1052 3034 1194 3110 analogia
1222 3035 1383 3095 doctrinae
1409 3035 1540 3094 Pascaiii
1561 3051 1595 3092 et

564 3112 766 3188 Neapolitani
786 3111 1007 3172 Problematis.
1029 3112 1203 3170 Corollaria
1230 3113 1370 3174 ciusdem
1391 3111 1595 3172 Problematis
1645 3184 1650 3196 .

563 3189 684 3249 abunde
702 3203 893 3264 sequuntur.
1610 3181 1684 3244 ibid.
1695 3197 1727 3243 et
1748 3193 1812 3256 191.

526 3268 613 3346 Quae
633 3267 714 3326 inter
732 3263 905 3327 Corollaria
925 3259 1002 3323 iilud
1022 3263 1219 3340 potissimum
1239 3265 1380 3324 occurrit
1398 3263 1597 3324 resolutionis

563 3344 771 3426 geometricae
820 3344 946 3402 aeadoxi
977 3341 1001 3399 si
1032 3338 1203 3401 Theorices
1232 3341 1298 3416 ipsa
1328 3343 1538 3416 Neapolitana
1557 3339 1596 3401 ad

566 3420 767 3501 superficiem
788 3359 1014 3478 decernendam
1034 3418 1110 3477 Coni
1134 3421 1208 3477 recti
1229 3421 1464 3478 traduceretur.
1619 3411 1692 3476 ibid

525 3505 574 3569 De
592 3499 776 3578 quibusdam
795 3499 935 3558 marianis
954 3513 991 3554 ac
1009 3497 1135 3554 minimis
1146 3537 1155 3564 ,
1167 3495 1395 3573 ecquandoque
1413 3492 1597 3574 geminatis,

568 3581 600 3640 in
618 3577 760 3638 doctrina
779 3573 886 3634 eidem
907 3572 1132 3647 Neapolitana.
1751 3577 1815 3641 lm.

524 3651 900 3732 1d,quodHyperbolae
920 3651 951 3710 in
982 3651 1074 3711 Conis
1094 3651 1223 3711 scalenis
1250 3644 1408 3724 efficiunt,
1435 3647 1467 3708 in
1493 3646 1625 3734 [plin-¹
1653 3721 1660 3736 ι

570 3733 635 3792 dris
655 3731 782 3804 obliquis
802 3727 969 3804 perficiunt
986 3729 1154 3788 Parabolae
1175 3727 1418 3803 Apollonianae.
1618 3719 1694 3786 tbrd.

535 3813 630 3875 Nora
649 3807 759 3867 exinde
778 3805 960 3898 acquiritur¹
970 3806 1185 3883 analogiarum
1198 3821 1254 3866 eut
1282 3800 1524 3864 similitudinum
1551 3817 1597 3861 se·

571 3904 624 3964 ges
643 3882 806 3960 cylindros
826 3899 908 3945 sntcr
928 3898 961 3943 et
991 3884 1113 3950 Conos.
1141 3899 1283 3958 notaque
1310 3880 1391 3941 fluit
1417 3877 1598 3940 inlustratio
1652 3953 1660 3966 ι

566 3959 907 4038 Cyclocylindticarum
926 3963 1136 4027 Robervallii,
1155 3976 1189 4018 ct
1206 3959 1395 4018 Laioverae.
1434 3987 1438 3994 ·
1554 4029 1562 4043 ι
1617 3949 1819 4025 ibtd.ct193·

496 4042 526 4122 ᾗ.
547 4043 592 4122 56.
614 4039 792 4114 Descriptio
812 4039 948 4099 traditur
967 4038 1067 4098 facilis
1086 4041 1208 4097 Curvae
1229 4037 1311 4096 illius
1330 4036 1362 4094 in
1375 4053 1408 4094 se
1422 4029 1597 4120 redeuntis,

566 4137 647 4196 quae
666 4117 778 4178 transit
797 4135 849 4191 per
868 4117 1031 4176 innumera
1051 4131 1163 4192 puncta
1182 4131 1389 4172 concursuum
1403 4125 1597 4188 tangentrum

570 4200 680 4258 linteos
708 4193 850 4272 Cylindri
877 4191 1037 4256 circularis
1056 4193 1187 4262 scaleni,
1208 4205 1241 4252 et
1260 4188 1561 4270 perpendicularium
1582 4203 1605 4244 a
1628 4223 1632 4230 -
1903 4257 1917 4276 .

571 4275 709 4350 margine
729 4273 898 4351 superioris
917 4273 1027 4332 Baseos
1045 4269 1083 4331 ad
1102 4285 1263 4348 tangentes
1282 4271 1361 4348 ipsas
1381 4267 1564 4328 ductarum.
1753 4265 1813 4332 194
1823 4261 1931 4326 ‘1¹9³-

462 4361 465 4366 ’
493 4353 522 4430 §.
542 4367 586 4432 52.
613 4353 737 4419 Aliter,
766 4365 799 4410 et
826 4347 1169 4421 commodius,eadem
1189 4349 1292 4409 Curta
1311 4345 1517 4410 describitur,
1546 4338 1599 4396 de·

570 4432 768 4508 claratutqne
789 4429 888 4504 ipsam
907 4449 1079 4508 congruere
1097 4445 1169 4488 cum
1189 4427 1288 4486 altera
1303 4422 1521 4510 iampridema
1541 4418 1598 4477 Pa·
1622 4491 1628 4504 ι
1654 4487 1661 4500 ·

571 4526 659 4566 rento
668 4505 864 4567 considerata
875 4550 884 4574 ,
895 4507 947 4568 sed
957 4510 1063 4568 usibus
1072 4521 1194 4568 tantum
1208 4503 1385 4565 mechanicis
1397 4501 1600 4560 inserviente.
1620 4483 1690 4548 siud

533 4583 653 4643 Curvae
671 4583 796 4644 eaedem
817 4583 999 4646 dividuntur
1018 4586 1049 4644 in
1068 4585 1195 4662 species,
1210 4583 1351 4660 miraque
1367 4580 1510 4662 'ipsarum
1529 4591 1625 4656 ena·
1651 4639 1658 4654 ι

573 4661 671 4716 scitur
690 4680 761 4724 cunt
781 4663 922 4726 Evolutis
942 4664 1060 4726 Circuii
1081 4659 1238 4738 analogia.
1504 4723 1511 4738 ·
1618 4635 1736 4702 ebibet
1755 4627 1820 4708 196.

497 4735 527 4812 ᾗ.
551 4734 593 4794 ra.
615 4731 731 4792 lterum
764 4739 944 4810 praedictae
973 4741 1095 4800 Curvae
1122 4737 1415 4796 animadvertuntur
1444 4723 1485 4784 ad
1503 4737 1627 4810 instar,
1654 4793 1660 4806 1

548 4796 716 4888 ‘Unguiae
733 4812 878 4884 ‘Cylindri
897 4818 973 4876 secti
993 4833 1047 4892 per
1066 4829 1227 4887 tangentes
1247 4815 1356 4872 Baseos
1376 4818 1542 4879 expansae.
1619 4791 1695 4858 rbtd·
