4566 6152
1746 455 1773 544 5

287 575 454 680 perbolae
477 571 701 651 referantur.
723 569 1007 646 Fundamentum
1032 571 1144 668 igitur
1167 571 1421 671 integralium.
1444 595 1541 672 quae
1566 576 1677 652 iulius
1700 577 1810 650 Caro·

286 713 341 784 lut
367 703 550 804 Fagnanur
583 707 719 804 primus
744 703 898 774 omnium
922 700 1086 776 exhibuit
1110 701 1156 774 ad
1180 703 1447 779 rectificaudaut
1474 707 1734 778 Lemniacatam
1761 709 1812 780 la·

287 840 368 913 cobi
392 859 433 912 et
457 833 622 909 lobannis
647 829 835 901 bernoullii
874 825 973 914 (18),
1005 853 1207 924 eorumque
1241 857 1261 904 a
1292 831 1417 902 Coliuo
1455 831 1678 906 Maclaurino
1712 833 1813 928 (19),

287 968 443 1062 iohanne
468 961 678 1036 Alemberto
700 957 801 1045 (ao),
825 956 1016 1030 Vincentio
1041 959 1195 1030 Riccato
1219 957 1320 1049 (ιι),
1352 959 1536 1032 Leouardo
1562 963 1716 1042 Euieto.
1742 964 1816 1044 An·

286 1094 373 1166 drea
398 1090 561 1162 Lexellio
581 1083 681 1172 (aa),
705 1103 744 1156 et
768 1082 923 1154 Iohanne
948 1083 1131 1156 Francisco
1156 1083 1327 1157 Malfatto
1351 1083 1430 1179 (23)
1455 1089 1657 1182 nuperrime
1675 1089 1816 1182 pervul-

288 1241 451 1314 gatorum
475 1219 511 1287 in
545 1236 616 1284 uno
648 1210 888 1284 Theorentate
922 1215 1064 1285 Pascalii
1101 1213 1254 1308 potitum
1278 1233 1352 1291 est,
1375 1233 1417 1284 et
1439 1213 1531 1286 adeo
1557 1217 1733 1306 positum.
1769 1235 1813 1288 ut

288 1345 373 1418 dum
396 1345 559 1416 universa
585 1341 676 1412 baec
700 1339 858 1412 Theoria
883 1338 1119 1414 fundamento
1144 1343 1205 1414 illo
1222 1341 1416 1416 deficiente
1433 1343 1603 1415 contortis
1621 1363 1726 1438 saepe
1744 1365 1817 1416 ute·

205 1451 208 1458 ¹
287 1469 422 1550 rhodis,
446 1491 486 1544 et
507 1469 664 1565 obliquiu
687 1469 1018 1542 substitutionibus
1007 1473 1209 1554 annitatur,
1235 1469 1470 1544 fundamento
1505 1491 1624 1544 tamen
1656 1491 1723 1543 suo
1755 1491 1817 1544 ιιι-

285 1619 483 1694 perstructa
508 1599 675 1671 nativum
697 1597 859 1670 ordinem
884 1619 1025 1682 servet.
1050 1621 1255 1694 mirumque
1272 1623 1426 1673 nitorem
1443 1597 1676 1695 praeseferat
1692 1622 1735 1672 ae
1753 1619 1817 1670 ue

283 1747 482 1799 oustatenr.
507 1725 589 1798 Nec
614 1749 671 1796 me
696 1728 812 1820 pudet
835 1750 931 1821 quae
955 1749 1066 1817 ocyus
1090 1729 1317 1815 inveneram.
1342 1731 1450 1803 aerius
1473 1722 1688 1806 admodum,
1703 1744 1815 1819 quaur

281 1875 345 1950 par
361 1877 461 1971 erat,
479 1855 677 1928 litterariae
693 1854 927 1948 Reipublicae
951 1878 1177 1928 consecrare.
1200 1857 1356 1928 Primum
1369 1855 1515 1964 etenim
1539 1854 1696 1922 occurrit
1713 1849 1815 1945 quod

280 2006 408 2058 natura
442 1985 511 2058 aim
545 1981 657 2055 facilis
690 1983 738 2056 ad
775 1983 1037 2066 meditandum,
1070 1983 1134 2056 sed
1167 1984 1213 2058 ad
1247 1957 1396 2078 gloriam
1420 1953 1608 2053 scribendo
1631 1985 1813 2072 aucupan-

279 2115 360 2186 dam
392 2109 569 2194 difficilis,
602 2111 890 2208 schedarumque
923 2113 1041 2210 potius
1075 2137 1234 2186 meatum
1269 2085 1516 2205 contemptor.
1539 2128 1580 2179 et
1604 2129 1679 2180 uno
1704 2107 1817 2182 verbo

278 2229 561 2336 ιιιικιζὸτεχνιιι
587 2241 793 2336 deindeque
817 2261 915 2314 tanta
941 2243 1052 2314 menti
1076 2243 1334 2314 obversabatur
1351 2241 1558 2335 argumenti
1573 2237 1723 2310 huiusce
1742 2233 1817 2308 foe·

199 2415 202 2422 -
280 2371 468 2444 cuoditaa.
491 2391 531 2438 et
556 2371 759 2459 elegantia.
784 2389 884 2438 tauta
908 2391 1041 2446 rerum,
1063 2367 1295 2440 dicendarum
1330 2370 1454 2462 copia,
1488 2388 1532 2438 ut
1564 2367 1683 2458 paucis
1720 2363 1816 2436 horis

284 2471 499 2566 sttbcesiuis,¹
527 2491 660 2580 quibus
682 2485 884 2556 adversaria
926 2511 1003 2558 mea
1028 2494 1265 2579 perscrutari,
1289 2511 1327 2557 et
1353 2514 1480 2558 vacare
1507 2491 1664 2560 Matbesi
1688 2489 1817 2560 datum

278 2631 356 2690 ast,
383 2609 670 2698 frequentissime
694 2633 838 2680 manum
861 2614 963 2704 operi
980 2611 1173 2684 admovere
1193 2611 1345 2690 vellem,
1364 2607 1645 2704 haudquaquam
1663 2633 1820 2700 portem.

279 2735 475 2826 Praecipue
498 2731 594 2800 enim
620 2727 795 2796 intererat
817 2724 991 2796 obsoletat
1017 2749 1085 2797 non
1110 2735 1225 2798 solum
1248 2751 1287 2800 et
1312 2733 1464 2824 prolixas
1497 2735 1817 2808 demonstrationes

279 2891 301 2942 a
328 2861 484 2936 Pascalio
506 2856 631 2931 datas.
656 2851 887 2926 nonnullasoe
914 2849 1115 2948 deperditas
1140 2853 1353 2938 restituere,
1377 2877 1444 2930 aut
1469 2880 1564 2928 novo
1587 2855 1713 2929 ordine
1734 2885 1820 2934 con·

280 2993 447 3072 cinnare,
472 2986 736 3060 verumetiam
760 3005 829 3057 non
856 3006 966 3094 pauca
988 2983 1122 3058 addere
1148 2983 1193 3056 de
1215 2981 1392 3076 cylindris
1427 2985 1535 3057 tectis
1565 3005 1605 3057 et
1637 2985 1814 3082 obliquis,

283 3122 328 3204 de
342 3113 595 3209 Cylindrorum
610 3135 651 3185 et
665 3089 845 3186 Cornmum
869 3113 1053 3208 analogia,
1062 3109 1454 3203 deCyclocyliodricis,
1464 3112 1509 3184 de
1525 3113 1716 3188 Linearum
1734 3117 1818 3191 Per·

286 3245 338 3320 rei
362 3242 581 3342 quibusdam
603 3239 704 3338 (ιι),
727 3242 776 3314 de
799 3241 963 3315 Curvis
952 3265 989 3314 ιιι
1013 3263 1053 3342 re
1079 3241 1330 3316 mathematica
1354 3241 1653 3346 elegantioribus,
1676 3243 1722 3314 de
1745 3245 1817 3317 Co·

280 3378 366 3450 uicis
390 3371 632 3454 sectionibus,
653 3370 701 3444 de
727 3369 1062 3468 Magnitudinuna
1046 3362 1231 3442 finitarum
1256 3367 1468 3450 Limitibur,
1484 3367 1531 3442 de
1520 3371 1731 3492 Ellrpsrum
1750 3393 1814 3468 pe

281 3507 449 3583 rimetro,
473 3503 648 3600 aliisque,
661 3521 819 3598 propter
840 3499 1356 3608 argumentieimilitudineut,
1379 3493 1812 3588 autadSyntbereosin·

280 3630 410 3702 finite·
396 3651 612 3724 parvorum
634 3633 813 3726 pomoeria
840 3629 1100 3726 promovenda,
1122 3651 1220 3728 quae
1243 3626 1309 3704 tub
1332 3624 1433 3704 caelo
1457 3625 1583 3704 italico
1598 3625 1814 3706 Britannico·

281 3779 359 3855 que
383 3779 468 3834 tunt
491 3757 717 3834 admodum
708 3785 743 3831 an
766 3763 902 3840 deliciis
927 3761 1038 3856 (epla
