4566 6152
576 437 648 496 vua

521 559 677 674 gralia2
706 589 812 676 quae
845 589 1164 680 consequantur
1198 595 1219 652 a
1250 567 1489 680 perimtttis
1520 565 1728 686 Ellipseos
1756 593 1800 685 et
1826 573 2062 694 lippet-bo-

522 709 612 814 lae,
647 709 865 802 tutissimo
896 715 1067 804 tramite
1099 741 1216 804 nune
1248 715 1460 804 deducere
1490 721 1679 835 experiar
1710 721 1763 812 ab
1805 719 2055 814 adfectioni-

520 857 600 945 bus
632 859 826 949 Circuli.
857 862 943 952 Ars
976 895 1078 952 vero
1102 863 1245 951 omnis
1258 861 1526 978 studiumque
1547 864 1591 952 in
1615 869 1897 962 scientiarum
1919 875 2057 988 digni·

521 1033 611 1098 tare
644 1013 940 1128 promovenda
973 1041 1063 1099 non
1093 1034 1183 1099 tam
1212 1005 1495 1100 inuenturum
1523 1013 1727 1128 copiam,
1754 1049 1885 1135 quarn
1915 1047 2057 1138 aptam

520 1160 756 1248 eorundem
800 1157 942 1248 sedem
982 1165 1021 1247 δε
1062 1157 1262 1248 ordinem
1305 1154 1501 1276 respiciat
1543 1159 1703 1250 necelle
1746 1163 1827 1272 est,
1858 1147 2056 1258 neforto

518 1301 627 1421 quae
657 1300 860 1394 facillima
911 1303 1021 1413 fior,
1063 1337 1086 1395 e
1128 1305 1369 1424 longinquo
1411 1333 1635 1425 petantur,
1678 1339 1787 1402 neve
1831 1312 2057 1406 rationales

513 1455 762 1571 disciplinae
794 1457 1110 1574 principiorum·
1143 1457 1421 1553 multitudine
1463 1449 1789 1552 confundantur·
1827 1487 1954 1580 atque
1996 1433 2070 1552 fa'

516 1605 704 1695 tiscanr.
737 1607 803 1694 Ut
834 1608 950 1696 enim
982 1605 1057 1724 qui
1086 1607 1307 1722 problema
1337 1627 1521 1715 tractet,
1549 1611 1602 1702 ab
1634 1608 1837 1717 Euclide,
1869 1611 2052 1727 Apollo.-

516 1754 624 1863 nio-‚
656 1731 730 1846 aut
762 1785 788 1844 a
817 1757 967 1873 primis·
996 1757 1211 1874 Algebrae
1241 1755 1433 1848 fontibus
1465 1749 1568 1848 nun·
1586 1757 1816 1849 difficiliter
1857 1757 2053 1850 haurien-

518 1907 655 2008 dum,
687 1903 868 1994 instituti
912 1906 976 1992 sui
1008 1937 1164 1995 munus
1196 1908 1386 2026 implere·
1405 1899 1652 2024 neutiquam
1685 1907 1921 1997 censendus
1947 1905 2052 2000 'elles

514 2051 546 2140 fi
587 2053 786 2168 obbquos
824 2053 1008 2142 nimium
1048 2083 1232 2145 canonas
1270 2045 1609 2147 ercalculorum
1646 2053 1900 2173 farraginem
1932 2055 2052 2146 adhiss

514 2201 656 2290 buerit
688 2200 801 2314 (4),
836 2181 894 2292 ita
922 2204 1054 2290 etiam
1085 2205 1267 2298 arbitror
1281 2204 1568 2296 ‘scientiarum
1584 2195 1773 2321 'syllenne
1804 2204 1925 2292 valde
1957 2232 2049 2320 per·

510 2351 733 2440 turbatum
757 2349 809 2440 iri
842 2353 971 2442 semel
1005 2383 1190 2472 acquae
1222 2383 1358 2445 unum
1391 2381 1434 2443 et
1466 2345 1581 2447 idem
1601 2349 1691 2442 ‘fine
1720 2353 1853 2440 ueluti
1881 2352 2047 2441 diversa

512 2496 676 2590 fiterint'
704 2509 907 2618 agantur,
937 2531 1043 2620 quae
1075 2501 1284 2619 firasplicia
1313 2531 1362 2594 ae
1393 2499 1568 2592 venusta
1597 2527 1744 2617 suapte
1788 2525 1937 2589 natura
1966 2496 2048 2586 finr

511 2669 875 2756 contorqueantur
907 2642 1017 2748 (5),
1049 2664 1187 2751 neque
1218 2636 1318 2722 saris
1348 2635 1520 2720 constet·
1543 2636 1597 2720 de
1640 2661 1783 2720 rerum
1825 2635 2047 2750 cognatio·

509 2821 565 2880 ne
597 2815 640 2878 et
673 2787 830 2877 intimo
861 2779 1056 2888 foedere,
1088 2811 1176 2897 quo
1205 2775 1622 2898 saepenumerosnr,
1654 2803 1703 2868 ut
1734 2779 2045 2899 primoadspe.·

507 2912 729 3028 crantibus·
764 2913 996 3022 disiunctae
1025 2929 1276 3034 uideantur,
1308 2927 1447 3018 nihilo
1468 2944 1630 3018 -tanren
1661 2925 1804 3018 minus
1846 2929 1957 3019 inter
1996 2959 2042 3022 se
2163 3001 2166 3008 .

505 3083 734 3176 coni-urent
764 3081 902 3170 amice
933 3077 1043 3190 (δ’).
1070 3063 1306 3196 Eaproprer
1338 3078 1530 3166 maximo
1552 3103 1719 3194 semper
1741 3077 1790 3166 in
1809 3077 1947 3194 pretio
1967 3078 2042 3170 laa-

466 3233 639 3322 -bendi
670 3256 795 3320 erunt
824 3227 1090 3318 immortales
1121 3227 1185 3314 illi
1217 3213 1438 3317 duumuiri
1469 3225 1687 3318 Galilaeus
1707 3224 2039 3344 atqueNewto·

509 3371 615 3489 nus,
646 3407 831 3497 quorum
863 3377 1029 3494 primus
1057 3377 1297 3496 perleuibus
1326 3372 1606 3468 Geometriae
1636 3376 1856 3510 principiis
1893 3372 2037 3465 suffiri·
2149 3475 2157 3486 x

509 3530 587 3640 lit,
611 3507 690 3622 'sed
724 3513 959 3618 mironio
992 3511 1504 3642 moduni-locupletans
1536 3547 1579 3616 es
1610 3525 1665 3615 ad
1696 3522 1809 3614 vitae
1841 3551 2059 3614 common

506 3685 560 3770 da
592 3658 784 3798 augenda
812 3659 1014 3794 perduxit
1045 3675 1208 3792 absque·
1230 3673 1344 3765 lucis
1369 3697 1413 3764 et
1449 3671 1638 3791 inglorio
1677 3673 1851 3790 puluere
1891 3668 2038 3760 Philo·

506 3829 706 3946 sophiam·
733 3824 844 3941 (ἶ),
874 3823 980 3914 alter
1012 3824 1209 3941 auspiciis
1240 3819 1501 3914 felicioribus
1532 3821 1618 3934 (8)
1658 3847 1784 3934 arque
1825 3818 1951 3903 unica
1991 3816 2038 3906 vi

509 3979 748 4094 centripeta
777 3974 886 4064 duce
917 4001 1081 4063 novum
1113 4002 1247 4090 paene
1278 3971 1475 4086 coadidit
1506 3969 1769 4058 Universum
1802 3961 1913 4076 (9).

569 4202 578 4239 „
623 4127 748 4219 Haeo
779 4122 1039 4240 iampridem«
1072 4119 1302 4214 meditanti
1341 4112 1726 4241 praestantiffirnam
1766 4137 1856 4198 non
1898 4109 2035 4200 modo

502 4278 613 4369 mihi
640 4273 829 4386 'contigit
845 4254 1243 4393 3Euponeptialium
1270 4272 1500 4368 omnium
1527 4257 1944 4378 Logaritlamururu,
1986 4283 2032 4347 eu

502 4424 794 4518 Functionum
825 4417 994 4508 Circuli
1025 4419 1316 4532 prouinciam,
1348 4415 1556 4502 hactenus
1582 4437 1606 4498 a
1636 4405 2031 4524 CartesiiAlgebta

506 4599 795 4694 segregatam,
826 4561 903 4682 ipfi
932 4547 1155 4681 ‘Argenn-
1177 4566 1394 4658 restituere
1425 4557 1719 4673 (1·o),uerum
1748 4555 1878 4647 etiam
1898 4555 2029 4670 Logi-

502 4723 645 4814 sticam
678 4717 873 4808 Curram
902 4713 1138 4806 describere
1170 4717 1215 4804 in
1258 4713 1377 4805 Albo
1416 4707 1717 4802 Parabolarum
1756 4701 1878 4818 (rt),
1914 4703 2029 4813 Qua·

502 4873 692 5005 dtatura's
723 4869 1008 4964 arithmeticas
1046 4863 1350 4976 bennecleri,
1388 4857 1605 4970 Wallisii,
1638 4853 1879 4956 Leibnitii,
1919 4847 2026 4937 elio-

1033 5039 1038 5046 ·
1784 5023 1968 5120 rumque
