<?xml version="1.0" encoding="UTF-8"?>
<!DOCTYPE html PUBLIC "-//W3C//DTD XHTML 1.0 Transitional//EN"
    "http://www.w3.org/TR/xhtml1/DTD/xhtml1-transitional.dtd">
<html xmlns="http://www.w3.org/1999/xhtml" xml:lang="en" lang="en">
 <head>
  <title>
</title>
<meta http-equiv="Content-Type" content="text/html;charset=utf-8" />
  <meta name='ocr-system' content='tesseract 3.04.00' />
  <meta name='ocr-capabilities' content='ocr_page ocr_carea ocr_par ocr_line ocrx_word'/>
</head>
<body>
  <div class='ocr_page' id='page_1' title='image "./decalcvlointegr00ferrgoog_0387.png"; bbox 0 0 4468 6124; ppageno 0'>
   <div class='ocr_carea' id='block_1_1' title="bbox 504 371 589 484">
    <p class='ocr_par' dir='ltr' id='par_1_1' title="bbox 504 371 589 484">
     <span class='ocr_line' id='line_1_1' title="bbox 504 371 589 484; baseline 0.012 -1"><span class='ocrx_word' id='word_1_1' title='bbox 504 371 589 484; x_wconf 79' lang='lat'><em>336</em></span> 
     </span>
    </p>
   </div>
   <div class='ocr_carea' id='block_1_2' title="bbox 449 477 1898 2250">
    <p class='ocr_par' dir='ltr' id='par_1_2' title="bbox 449 477 1898 2250">
     <span class='ocr_line' id='line_1_2' title="bbox 481 477 1558 564; baseline -0.009 -12"><span class='ocrx_word' id='word_1_2' title='bbox 481 481 661 564; x_wconf 86' lang='lat' dir='ltr'><em>Nequidem</em></span> <span class='ocrx_word' id='word_1_3' title='bbox 679 481 812 549; x_wconf 83' lang='lat' dir='ltr'><em>Euierus</em></span> <span class='ocrx_word' id='word_1_4' title='bbox 830 478 1024 544; x_wconf 66' lang='lat' dir='ltr'><em>identitatem</em></span> <span class='ocrx_word' id='word_1_5' title='bbox 1042 479 1204 544; x_wconf 88' lang='lat' dir='ltr'><em>cuiusdam</em></span> <span class='ocrx_word' id='word_1_6' title='bbox 1222 477 1474 560; x_wconf 75' lang='lat' dir='ltr'><em>Epicpcloidum.</em></span> <span class='ocrx_word' id='word_1_7' title='bbox 1489 491 1558 542; x_wconf 89' lang='lat' dir='ltr'><em>tant</em></span> 
     </span>
     <span class='ocr_line' id='line_1_3' title="bbox 512 555 1562 642; baseline -0.008 -16"><span class='ocrx_word' id='word_1_8' title='bbox 512 565 732 642; x_wconf 71' lang='lat' dir='ltr'><em>primariorum</em></span> <span class='ocrx_word' id='word_1_9' title='bbox 766 577 861 639; x_wconf 86' lang='lat' dir='ltr'><em>quam</em></span> <span class='ocrx_word' id='word_1_10' title='bbox 891 561 1150 631; x_wconf 83' lang='lat' dir='ltr'><em>secundariorum,</em></span> <span class='ocrx_word' id='word_1_11' title='bbox 1168 577 1242 622; x_wconf 88' lang='lat' dir='ltr'><em>cum</em></span> <span class='ocrx_word' id='word_1_12' title='bbox 1261 559 1380 622; x_wconf 80' lang='lat' dir='ltr'><em>circuli</em></span> <span class='ocrx_word' id='word_1_13' title='bbox 1408 555 1562 622; x_wconf 80' lang='lat' dir='ltr'><em>Conchoi·</em></span> 
     </span>
     <span class='ocr_line' id='line_1_4' title="bbox 518 629 1790 716; baseline -0.002 -15"><span class='ocrx_word' id='word_1_14' title='bbox 518 639 556 702; x_wconf 88' lang='lat' dir='ltr'><em>de</em></span> <span class='ocrx_word' id='word_1_15' title='bbox 576 637 748 716; x_wconf 86' lang='lat' dir='ltr'><em>persensit.</em></span> <span class='ocrx_word' id='word_1_16' title='bbox 1576 629 1702 696; x_wconf 78' lang='lat' dir='ltr'><em>ibides</em></span> <span class='ocrx_word' id='word_1_17' title='bbox 1716 649 1790 712; x_wconf 59' lang='lat'>209.</span> 
     </span>
     <span class='ocr_line' id='line_1_5' title="bbox 483 709 1559 794; baseline -0.009 -12"><span class='ocrx_word' id='word_1_18' title='bbox 483 717 572 782; x_wconf 86' lang='lat' dir='ltr'><em>Haec</em></span> <span class='ocrx_word' id='word_1_19' title='bbox 591 717 735 776; x_wconf 79' lang='lat' dir='ltr'><em>identitas</em></span> <span class='ocrx_word' id='word_1_20' title='bbox 753 709 985 776; x_wconf 86' lang='lat' dir='ltr'><em>demonstratur</em></span> <span class='ocrx_word' id='word_1_21' title='bbox 1006 710 1156 776; x_wconf 76' lang='lat' dir='ltr'><em>facillime</em></span> <span class='ocrx_word' id='word_1_22' title='bbox 1174 728 1229 793; x_wconf 86' lang='lat' dir='ltr'><em>per</em></span> <span class='ocrx_word' id='word_1_23' title='bbox 1248 713 1472 794; x_wconf 77' lang='lat' dir='ltr'><em>geometricam</em></span> <span class='ocrx_word' id='word_1_24' title='bbox 1484 710 1559 787; x_wconf 83' lang='lat' dir='ltr'><em>Syn·</em></span> 
     </span>
     <span class='ocr_line' id='line_1_6' title="bbox 523 790 1898 867; baseline -0.001 -12"><span class='ocrx_word' id='word_1_25' title='bbox 523 790 646 855; x_wconf 87' lang='lat' dir='ltr'><em>thesin.</em></span> <span class='ocrx_word' id='word_1_26' title='bbox 1707 801 1898 867; x_wconf 65' lang='lat' dir='ltr'><em>sanctulo.</em></span> 
     </span>
     <span class='ocr_line' id='line_1_7' title="bbox 484 861 1621 956; baseline -0.002 -26"><span class='ocrx_word' id='word_1_27' title='bbox 484 864 673 936; x_wconf 85' lang='lat' dir='ltr'><em>communia</em></span> <span class='ocrx_word' id='word_1_28' title='bbox 691 861 844 944; x_wconf 75' lang='lat' dir='ltr'><em>quaedam</em></span> <span class='ocrx_word' id='word_1_29' title='bbox 861 864 1003 944; x_wconf 81' lang='lat' dir='ltr'><em>Ungulee</em></span> <span class='ocrx_word' id='word_1_30' title='bbox 1022 879 1137 932; x_wconf 88' lang='lat' dir='ltr'><em>erectas</em></span> <span class='ocrx_word' id='word_1_31' title='bbox 1163 863 1383 943; x_wconf 83' lang='lat' dir='ltr'><em>Cylindticte,</em></span> <span class='ocrx_word' id='word_1_32' title='bbox 1409 867 1559 938; x_wconf 84' lang='lat' dir='ltr'><em>iacentis,</em></span> <span class='ocrx_word' id='word_1_33' title='bbox 1581 942 1587 956; x_wconf 93' lang='lat'><strong>.</strong></span> <span class='ocrx_word' id='word_1_34' title='bbox 1614 941 1621 956; x_wconf 45' lang='lat'><strong>·</strong></span> 
     </span>
     <span class='ocr_line' id='line_1_8' title="bbox 449 939 1654 1110; baseline -0.005 -27"><span class='ocrx_word' id='word_1_35' title='bbox 449 1023 481 1101; x_wconf 82' lang='lat'><em>§.</em></span> <span class='ocrx_word' id='word_1_36' title='bbox 498 957 1289 1110; x_wconf 44' lang='grc' dir='ltr'><em>όὲτςὲῑξξιξιεἶξεῗὶῗῑξίςτιῗῗῗαέἑιξἷιπρῐίεἰςςίωιιηι</em></span> <span class='ocrx_word' id='word_1_37' title='bbox 1313 1018 1560 1082; x_wconf 78' lang='lat' dir='ltr'><em>instrumentum</em></span> <span class='ocrx_word' id='word_1_38' title='bbox 1579 939 1654 1004; x_wconf 45' lang='lat' dir='ltr'><em>[bd</em></span> 
     </span>
     <span class='ocr_line' id='line_1_9' title="bbox 524 1094 1562 1177; baseline -0.002 -19"><span class='ocrx_word' id='word_1_39' title='bbox 524 1115 582 1177; x_wconf 87' lang='lat' dir='ltr'><em>pto</em></span> <span class='ocrx_word' id='word_1_40' title='bbox 601 1094 783 1160; x_wconf 80' lang='lat' dir='ltr'><em>delineanda</em></span> <span class='ocrx_word' id='word_1_41' title='bbox 803 1097 1115 1160; x_wconf 54' lang='lat' dir='ltr'><em>Conchoidecirculi</em></span> <span class='ocrx_word' id='word_1_42' title='bbox 1135 1115 1169 1160; x_wconf 89' lang='lat' dir='ltr'><em>et</em></span> <span class='ocrx_word' id='word_1_43' title='bbox 1182 1099 1330 1176; x_wconf 79' lang='lat' dir='ltr'><em>primatia</em></span> <span class='ocrx_word' id='word_1_44' title='bbox 1357 1113 1392 1160; x_wconf 89' lang='lat' dir='ltr'><em>et</em></span> <span class='ocrx_word' id='word_1_45' title='bbox 1418 1097 1562 1158; x_wconf 82' lang='lat' dir='ltr'><em>recente·</em></span> 
     </span>
     <span class='ocr_line' id='line_1_10' title="bbox 525 1171 1562 1250; baseline -0.007 -13"><span class='ocrx_word' id='word_1_46' title='bbox 525 1177 596 1241; x_wconf 87' lang='lat' dir='ltr'><em>ria.</em></span> <span class='ocrx_word' id='word_1_47' title='bbox 623 1174 756 1248; x_wconf 91' lang='lat' dir='ltr'><em>ideoque</em></span> <span class='ocrx_word' id='word_1_48' title='bbox 781 1173 879 1236; x_wconf 88' lang='lat' dir='ltr'><em>etiam</em></span> <span class='ocrx_word' id='word_1_49' title='bbox 907 1175 1010 1236; x_wconf 85' lang='lat' dir='ltr'><em>Curva</em></span> <span class='ocrx_word' id='word_1_50' title='bbox 1035 1175 1311 1250; x_wconf 66' lang='lat' dir='ltr'><em>aequilibratianis,</em></span> <span class='ocrx_word' id='word_1_51' title='bbox 1340 1193 1376 1234; x_wconf 84' lang='lat' dir='ltr'><em>ac</em></span> <span class='ocrx_word' id='word_1_52' title='bbox 1405 1171 1562 1232; x_wconf 89' lang='lat' dir='ltr'><em>nonnullis</em></span> 
     </span>
     <span class='ocr_line' id='line_1_11' title="bbox 528 1247 1562 1328; baseline -0.004 -16"><span class='ocrx_word' id='word_1_53' title='bbox 528 1249 800 1328; x_wconf 81' lang='lat' dir='ltr'><em>Epicycloidibus·</em></span> <span class='ocrx_word' id='word_1_54' title='bbox 818 1249 909 1326; x_wconf 84' lang='lat' dir='ltr'><em>Quod</em></span> <span class='ocrx_word' id='word_1_55' title='bbox 928 1250 1070 1310; x_wconf 83' lang='lat' dir='ltr'><em>Rivaltus</em></span> <span class='ocrx_word' id='word_1_56' title='bbox 1088 1267 1145 1310; x_wconf 92' lang='lat' dir='ltr'><em>aut</em></span> <span class='ocrx_word' id='word_1_57' title='bbox 1171 1249 1331 1326; x_wconf 74' lang='lat' dir='ltr'><em>antiquior</em></span> <span class='ocrx_word' id='word_1_58' title='bbox 1360 1247 1562 1310; x_wconf 83' lang='lat' dir='ltr'><em>Archimedis</em></span> 
     </span>
     <span class='ocr_line' id='line_1_12' title="bbox 526 1319 1561 1402; baseline -0.005 -13"><span class='ocrx_word' id='word_1_59' title='bbox 526 1324 746 1402; x_wconf 83' lang='lat' dir='ltr'><em>Paraphrastes</em></span> <span class='ocrx_word' id='word_1_60' title='bbox 774 1339 968 1393; x_wconf 84' lang='lat' dir='ltr'><em>tentaverat.</em></span> <span class='ocrx_word' id='word_1_61' title='bbox 997 1323 1081 1401; x_wconf 88' lang='lat' dir='ltr'><em>quod</em></span> <span class='ocrx_word' id='word_1_62' title='bbox 1108 1339 1177 1386; x_wconf 88' lang='lat' dir='ltr'><em>eset</em></span> <span class='ocrx_word' id='word_1_63' title='bbox 1203 1319 1312 1387; x_wconf 86' lang='lat' dir='ltr'><em>loanni</em></span> <span class='ocrx_word' id='word_1_64' title='bbox 1330 1326 1507 1386; x_wconf 80' lang='lat' dir='ltr'><em>Bernoullio</em></span> <span class='ocrx_word' id='word_1_65' title='bbox 1528 1326 1561 1386; x_wconf 92' lang='lat' dir='ltr'><em>in</em></span> 
     </span>
     <span class='ocr_line' id='line_1_13' title="bbox 525 1398 1561 1484; baseline 0 -20"><span class='ocrx_word' id='word_1_66' title='bbox 525 1402 727 1472; x_wconf 85' lang='lat' dir='ltr'><em>desideratis,</em></span> <span class='ocrx_word' id='word_1_67' title='bbox 747 1421 783 1464; x_wconf 90' lang='lat' dir='ltr'><em>ac</em></span> <span class='ocrx_word' id='word_1_68' title='bbox 803 1398 936 1484; x_wconf 88' lang='lat' dir='ltr'><em>denique</em></span> <span class='ocrx_word' id='word_1_69' title='bbox 954 1400 1037 1480; x_wconf 91' lang='lat' dir='ltr'><em>quod</em></span> <span class='ocrx_word' id='word_1_70' title='bbox 1056 1401 1096 1462; x_wconf 90' lang='lat' dir='ltr'><em>ad</em></span> <span class='ocrx_word' id='word_1_71' title='bbox 1114 1402 1263 1463; x_wconf 75' lang='lat' dir='ltr'><em>historiae</em></span> <span class='ocrx_word' id='word_1_72' title='bbox 1288 1403 1445 1482; x_wconf 77' lang='lat' dir='ltr'><em>specimen</em></span> <span class='ocrx_word' id='word_1_73' title='bbox 1463 1404 1561 1483; x_wconf 88' lang='lat' dir='ltr'><em>pesti·</em></span> 
     </span>
     <span class='ocr_line' id='line_1_14' title="bbox 526 1473 1776 1568; baseline 0 -28"><span class='ocrx_word' id='word_1_74' title='bbox 526 1495 582 1540; x_wconf 91' lang='lat' dir='ltr'><em>net</em></span> <span class='ocrx_word' id='word_1_75' title='bbox 599 1479 752 1568; x_wconf 77' lang='lat' dir='ltr'><em>organicae</em></span> <span class='ocrx_word' id='word_1_76' title='bbox 771 1473 981 1550; x_wconf 77' lang='lat' dir='ltr'><em>Grammion,</em></span> <span class='ocrx_word' id='word_1_77' title='bbox 1018 1479 1104 1540; x_wconf 90' lang='lat' dir='ltr'><em>aucis</em></span> <span class='ocrx_word' id='word_1_78' title='bbox 1122 1496 1291 1551; x_wconf 82' lang='lat' dir='ltr'><em>narratur.</em></span> <span class='ocrx_word' id='word_1_79' title='bbox 1575 1482 1649 1550; x_wconf 78' lang='lat' dir='ltr'><em>ibid,</em></span> <span class='ocrx_word' id='word_1_80' title='bbox 1659 1500 1693 1552; x_wconf 69' lang='lat' dir='ltr'><em>et</em></span> <span class='ocrx_word' id='word_1_81' title='bbox 1708 1499 1776 1552; x_wconf 83' lang='lat'>211.</span> 
     </span>
     <span class='ocr_line' id='line_1_15' title="bbox 450 1495 1559 1635; baseline 0.001 -17"><span class='ocrx_word' id='word_1_82' title='bbox 450 1554 481 1634; x_wconf 60' lang='grc' dir='ltr'><em>ς.</em></span> <span class='ocrx_word' id='word_1_83' title='bbox 500 1553 549 1631; x_wconf 82' lang='grc'><em>64.</em></span> <span class='ocrx_word' id='word_1_84' title='bbox 569 1554 722 1624; x_wconf 79' lang='lat' dir='ltr'><em>Derrvata</em></span> <span class='ocrx_word' id='word_1_85' title='bbox 737 1553 889 1632; x_wconf 88' lang='lat' dir='ltr'><em>quaedam</em></span> <span class='ocrx_word' id='word_1_86' title='bbox 909 1495 1065 1617; x_wconf 72' lang='lat' dir='ltr'><em>adcrciunt</em></span> <span class='ocrx_word' id='word_1_87' title='bbox 1082 1555 1243 1618; x_wconf 84' lang='lat' dir='ltr'><em>doctrinae</em></span> <span class='ocrx_word' id='word_1_88' title='bbox 1263 1555 1461 1628; x_wconf 75' lang='lat' dir='ltr'><em>eumarum,</em></span> <span class='ocrx_word' id='word_1_89' title='bbox 1477 1575 1559 1635; x_wconf 85' lang='lat' dir='ltr'><em>quae</em></span> 
     </span>
     <span class='ocr_line' id='line_1_16' title="bbox 527 1627 1560 1712; baseline 0.004 -23"><span class='ocrx_word' id='word_1_90' title='bbox 527 1645 690 1712; x_wconf 79' lang='lat' dir='ltr'><em>promotae</em></span> <span class='ocrx_word' id='word_1_91' title='bbox 711 1647 766 1708; x_wconf 87' lang='lat' dir='ltr'><em>per</em></span> <span class='ocrx_word' id='word_1_92' title='bbox 787 1631 986 1694; x_wconf 84' lang='lat' dir='ltr'><em>intervallum</em></span> <span class='ocrx_word' id='word_1_93' title='bbox 1004 1633 1105 1696; x_wconf 86' lang='lat' dir='ltr'><em>maius</em></span> <span class='ocrx_word' id='word_1_94' title='bbox 1123 1635 1264 1695; x_wconf 84' lang='lat' dir='ltr'><em>minusve</em></span> <span class='ocrx_word' id='word_1_95' title='bbox 1284 1627 1488 1712; x_wconf 81' lang='lat' dir='ltr'><em>effinguntur.</em></span> <span class='ocrx_word' id='word_1_96' title='bbox 1503 1635 1560 1695; x_wconf 81' lang='lat' dir='ltr'><em>uo·</em></span> 
     </span>
     <span class='ocr_line' id='line_1_17' title="bbox 526 1708 1560 1790; baseline 0.003 -21"><span class='ocrx_word' id='word_1_97' title='bbox 526 1708 683 1769; x_wconf 85' lang='lat' dir='ltr'><em>tissimum</em></span> <span class='ocrx_word' id='word_1_98' title='bbox 702 1723 864 1784; x_wconf 86' lang='lat' dir='ltr'><em>promotae</em></span> <span class='ocrx_word' id='word_1_99' title='bbox 882 1710 999 1771; x_wconf 87' lang='lat' dir='ltr'><em>Rectae</em></span> <span class='ocrx_word' id='word_1_100' title='bbox 1015 1754 1022 1778; x_wconf 87' lang='lat'>,</span> <span class='ocrx_word' id='word_1_101' title='bbox 1040 1709 1237 1790; x_wconf 79' lang='lat' dir='ltr'><em>Hyperbolus</em></span> <span class='ocrx_word' id='word_1_102' title='bbox 1255 1709 1408 1778; x_wconf 81' lang='lat' dir='ltr'><em>tonicae.</em></span> <span class='ocrx_word' id='word_1_103' title='bbox 1437 1725 1472 1772; x_wconf 88' lang='lat' dir='ltr'><em>et</em></span> <span class='ocrx_word' id='word_1_104' title='bbox 1500 1710 1560 1772; x_wconf 80' lang='lat' dir='ltr'><em>Lo-</em></span> 
     </span>
     <span class='ocr_line' id='line_1_18' title="bbox 525 1781 1558 1866; baseline 0.004 -22"><span class='ocrx_word' id='word_1_105' title='bbox 525 1781 731 1864; x_wconf 83' lang='lat' dir='ltr'><em>garithmicae</em></span> <span class='ocrx_word' id='word_1_106' title='bbox 752 1781 966 1848; x_wconf 84' lang='lat' dir='ltr'><em>Theoremam</em></span> <span class='ocrx_word' id='word_1_107' title='bbox 983 1786 1055 1848; x_wconf 89' lang='lat' dir='ltr'><em>colli</em></span> <span class='ocrx_word' id='word_1_108' title='bbox 1082 1805 1193 1850; x_wconf 79' lang='lat' dir='ltr'><em>unctae.</em></span> <span class='ocrx_word' id='word_1_109' title='bbox 1213 1791 1259 1851; x_wconf 81' lang='lat' dir='ltr'><em>At</em></span> <span class='ocrx_word' id='word_1_110' title='bbox 1276 1787 1416 1848; x_wconf 88' lang='lat' dir='ltr'><em>omniurn</em></span> <span class='ocrx_word' id='word_1_111' title='bbox 1435 1789 1558 1866; x_wconf 81' lang='lat' dir='ltr'><em>elegan-</em></span> 
     </span>
     <span class='ocr_line' id='line_1_19' title="bbox 528 1801 1560 1942; baseline 0.005 -21"><span class='ocrx_word' id='word_1_112' title='bbox 528 1861 649 1922; x_wconf 83' lang='lat' dir='ltr'><em>tissime</em></span> <span class='ocrx_word' id='word_1_113' title='bbox 668 1875 741 1920; x_wconf 84' lang='lat' dir='ltr'><em>sunt</em></span> <span class='ocrx_word' id='word_1_114' title='bbox 757 1879 837 1938; x_wconf 89' lang='lat' dir='ltr'><em>quae</em></span> <span class='ocrx_word' id='word_1_115' title='bbox 856 1863 895 1924; x_wconf 89' lang='lat' dir='ltr'><em>ab</em></span> <span class='ocrx_word' id='word_1_116' title='bbox 913 1863 973 1925; x_wconf 86' lang='lat' dir='ltr'><em>ista</em></span> <span class='ocrx_word' id='word_1_117' title='bbox 994 1801 1163 1942; x_wconf 51' lang='lat' dir='ltr'><em>profluunt</em></span> <span class='ocrx_word' id='word_1_118' title='bbox 1189 1865 1333 1926; x_wconf 90' lang='lat' dir='ltr'><em>doctrina</em></span> <span class='ocrx_word' id='word_1_119' title='bbox 1361 1863 1399 1924; x_wconf 88' lang='lat' dir='ltr'><em>ad</em></span> <span class='ocrx_word' id='word_1_120' title='bbox 1429 1863 1560 1926; x_wconf 80' lang='lat' dir='ltr'><em>Currant</em></span> 
     </span>
     <span class='ocr_line' id='line_1_20' title="bbox 527 1935 1561 2026; baseline 0.003 -27"><span class='ocrx_word' id='word_1_121' title='bbox 527 1937 649 2026; x_wconf 43' lang='lat' dir='ltr'><em>soloris·</em></span> <span class='ocrx_word' id='word_1_122' title='bbox 669 1935 844 1999; x_wconf 87' lang='lat' dir='ltr'><em>Lamberti·</em></span> <span class='ocrx_word' id='word_1_123' title='bbox 864 1940 1021 2018; x_wconf 84' lang='lat' dir='ltr'><em>adplicata</em></span> <span class='ocrx_word' id='word_1_124' title='bbox 1058 1957 1123 2004; x_wconf 85' lang='lat' dir='ltr'><em>tam</em></span> <span class='ocrx_word' id='word_1_125' title='bbox 1152 1943 1185 2003; x_wconf 89' lang='lat' dir='ltr'><em>in</em></span> <span class='ocrx_word' id='word_1_126' title='bbox 1211 1939 1359 2020; x_wconf 81' lang='lat' dir='ltr'><em>quiddam</em></span> <span class='ocrx_word' id='word_1_127' title='bbox 1389 1941 1561 2004; x_wconf 75' lang='lat' dir='ltr'><em>Morimene</em></span> 
     </span>
     <span class='ocr_line' id='line_1_21' title="bbox 526 2015 1725 2097; baseline 0.006 -24"><span class='ocrx_word' id='word_1_128' title='bbox 526 2033 621 2092; x_wconf 86' lang='lat' dir='ltr'><em>quam</em></span> <span class='ocrx_word' id='word_1_129' title='bbox 641 2032 674 2074; x_wconf 86' lang='lat' dir='ltr'><em>en</em></span> <span class='ocrx_word' id='word_1_130' title='bbox 694 2017 796 2076; x_wconf 84' lang='lat' dir='ltr'><em>Areae</em></span> <span class='ocrx_word' id='word_1_131' title='bbox 814 2015 1078 2097; x_wconf 76' lang='lat' dir='ltr'><em>infinite-longae</em></span> <span class='ocrx_word' id='word_1_132' title='bbox 1105 2018 1329 2082; x_wconf 78' lang='lat' dir='ltr'><em>dimensionem</em></span> <span class='ocrx_word' id='word_1_133' title='bbox 1357 2016 1481 2081; x_wconf 85' lang='lat' dir='ltr'><em>finitam</em></span> <span class='ocrx_word' id='word_1_134' title='bbox 1511 2017 1564 2080; x_wconf 85' lang='lat' dir='ltr'><em>de·</em></span> <span class='ocrx_word' id='word_1_135' title='bbox 1723 2041 1725 2044; x_wconf 94' lang='lat'>·</span> 
     </span>
     <span class='ocr_line' id='line_1_22' title="bbox 525 2089 1888 2168; baseline -0.001 -17"><span class='ocrx_word' id='word_1_136' title='bbox 525 2089 774 2152; x_wconf 87' lang='lat' dir='ltr'><em>terminandam.</em></span> <span class='ocrx_word' id='word_1_137' title='bbox 1706 2100 1888 2168; x_wconf 53' lang='lat' dir='ltr'><em>attestata.</em></span> 
     </span>
     <span class='ocr_line' id='line_1_23' title="bbox 454 2159 1564 2250; baseline 0.007 -24"><span class='ocrx_word' id='word_1_138' title='bbox 454 2159 484 2236; x_wconf 55' lang='grc' dir='ltr'><strong>ᾗ</strong></span> <span class='ocrx_word' id='word_1_139' title='bbox 502 2161 551 2247; x_wconf 84' lang='lat'><em>65.</em></span> <span class='ocrx_word' id='word_1_140' title='bbox 569 2166 741 2231; x_wconf 77' lang='lat' dir='ltr'><em>Maximam</em></span> <span class='ocrx_word' id='word_1_141' title='bbox 758 2167 949 2233; x_wconf 84' lang='lat' dir='ltr'><em>sublimioris</em></span> <span class='ocrx_word' id='word_1_142' title='bbox 966 2171 1138 2250; x_wconf 86' lang='lat' dir='ltr'><em>praeterito</em></span> <span class='ocrx_word' id='word_1_143' title='bbox 1156 2170 1280 2238; x_wconf 82' lang='lat' dir='ltr'><em>sarculo</em></span> <span class='ocrx_word' id='word_1_144' title='bbox 1308 2171 1450 2236; x_wconf 86' lang='lat' dir='ltr'><em>excultae</em></span> <span class='ocrx_word' id='word_1_145' title='bbox 1480 2168 1564 2234; x_wconf 86' lang='lat' dir='ltr'><em>Geo-</em></span> 
     </span>
    </p>
   </div>
   <div class='ocr_carea' id='block_1_3' title="bbox 528 2273 1564 2384">
    <p class='ocr_par' dir='ltr' id='par_1_3' title="bbox 528 2273 1564 2384">
     <span class='ocr_line' id='line_1_24' title="bbox 528 2273 1564 2384; baseline 0.008 -20"><span class='ocrx_word' id='word_1_146' title='bbox 528 2300 662 2364; x_wconf 86' lang='lat' dir='ltr'><em>metriae</em></span> <span class='ocrx_word' id='word_1_147' title='bbox 682 2313 805 2378; x_wconf 78' lang='lat' dir='ltr'><em>partem</em></span> <span class='ocrx_word' id='word_1_148' title='bbox 823 2323 843 2365; x_wconf 84' lang='lat' dir='ltr'><em>a</em></span> <span class='ocrx_word' id='word_1_149' title='bbox 858 2279 932 2384; x_wconf 69' lang='lat'>35⁸⁸.</span> <span class='ocrx_word' id='word_1_150' title='bbox 949 2275 1167 2384; x_wconf 74' lang='lat' dir='ltr'><em>impositione</em></span> <span class='ocrx_word' id='word_1_151' title='bbox 1178 2303 1267 2370; x_wconf 86' lang='lat' dir='ltr'><em>Libri</em></span> <span class='ocrx_word' id='word_1_152' title='bbox 1284 2273 1358 2370; x_wconf 61' lang='lat'>111⁸.</span> <span class='ocrx_word' id='word_1_153' title='bbox 1372 2305 1511 2372; x_wconf 83' lang='lat' dir='ltr'><em>Euclidis</em></span> <span class='ocrx_word' id='word_1_154' title='bbox 1529 2321 1564 2372; x_wconf 90' lang='lat' dir='ltr'><em>et</em></span> 
     </span>
    </p>
   </div>
   <div class='ocr_carea' id='block_1_4' title="bbox 448 2408 1776 2984">
    <p class='ocr_par' dir='ltr' id='par_1_4' title="bbox 527 2408 1562 2522">
     <span class='ocr_line' id='line_1_25' title="bbox 527 2408 1562 2522; baseline 0.008 -24"><span class='ocrx_word' id='word_1_155' title='bbox 527 2413 598 2516; x_wconf 73' lang='lat'>15⁸⁸.</span> <span class='ocrx_word' id='word_1_156' title='bbox 622 2433 711 2500; x_wconf 87' lang='lat' dir='ltr'><em>Libri</em></span> <span class='ocrx_word' id='word_1_157' title='bbox 730 2408 762 2500; x_wconf 89' lang='lat'><em>1¹.</em></span> <span class='ocrx_word' id='word_1_158' title='bbox 782 2434 983 2503; x_wconf 82' lang='lat' dir='ltr'><em>Archimedis</em></span> <span class='ocrx_word' id='word_1_159' title='bbox 1000 2438 1038 2500; x_wconf 79' lang='lat' dir='ltr'><em>ie</em></span> <span class='ocrx_word' id='word_1_160' title='bbox 1056 2438 1188 2520; x_wconf 81' lang='lat' dir='ltr'><em>Spitatra</em></span> <span class='ocrx_word' id='word_1_161' title='bbox 1205 2457 1236 2508; x_wconf 93' lang='lat' dir='ltr'><em>et</em></span> <span class='ocrx_word' id='word_1_162' title='bbox 1254 2441 1394 2518; x_wconf 71' lang='lat' dir='ltr'><em>Cylindro</em></span> <span class='ocrx_word' id='word_1_163' title='bbox 1412 2443 1562 2522; x_wconf 82' lang='lat' dir='ltr'><em>consequi</em></span> 
     </span>
    </p>

    <p class='ocr_par' dir='ltr' id='par_1_5' title="bbox 525 2514 1558 2603">
     <span class='ocr_line' id='line_1_26' title="bbox 525 2514 1558 2603; baseline 0.009 -29"><span class='ocrx_word' id='word_1_164' title='bbox 525 2528 637 2592; x_wconf 89' lang='lat' dir='ltr'><em>sponte</em></span> <span class='ocrx_word' id='word_1_165' title='bbox 664 2531 698 2576; x_wconf 93' lang='lat' dir='ltr'><em>et</em></span> <span class='ocrx_word' id='word_1_166' title='bbox 728 2529 841 2579; x_wconf 84' lang='lat' dir='ltr'><em>nature</em></span> <span class='ocrx_word' id='word_1_167' title='bbox 865 2533 920 2577; x_wconf 90' lang='lat' dir='ltr'><em>sua</em></span> <span class='ocrx_word' id='word_1_168' title='bbox 948 2514 1203 2594; x_wconf 82' lang='lat' dir='ltr'><em>demonstratur,</em></span> <span class='ocrx_word' id='word_1_169' title='bbox 1231 2519 1398 2598; x_wconf 88' lang='lat' dir='ltr'><em>nequidem</em></span> <span class='ocrx_word' id='word_1_170' title='bbox 1426 2538 1558 2603; x_wconf 83' lang='lat' dir='ltr'><em>excepta</em></span> 
     </span>
    </p>

    <p class='ocr_par' dir='ltr' id='par_1_6' title="bbox 448 2593 1776 2751">
     <span class='ocr_line' id='line_1_27' title="bbox 527 2593 1776 2670; baseline 0.006 -18"><span class='ocrx_word' id='word_1_171' title='bbox 527 2609 672 2652; x_wconf 86' lang='lat' dir='ltr'><em>mensura</em></span> <span class='ocrx_word' id='word_1_172' title='bbox 690 2606 872 2670; x_wconf 79' lang='lat' dir='ltr'><em>samosatae</em></span> <span class='ocrx_word' id='word_1_173' title='bbox 887 2595 1084 2658; x_wconf 77' lang='lat' dir='ltr'><em>curvatum.</em></span> <span class='ocrx_word' id='word_1_174' title='bbox 1574 2593 1647 2666; x_wconf 84' lang='lat' dir='ltr'><em>ibid.</em></span> <span class='ocrx_word' id='word_1_175' title='bbox 1657 2607 1691 2662; x_wconf 85' lang='lat' dir='ltr'><em>tt</em></span> <span class='ocrx_word' id='word_1_176' title='bbox 1707 2602 1776 2670; x_wconf 75' lang='lat'><em>214.</em></span> 
     </span>
     <span class='ocr_line' id='line_1_28' title="bbox 448 2657 1559 2751; baseline 0.015 -28"><span class='ocrx_word' id='word_1_177' title='bbox 448 2657 483 2740; x_wconf 71' lang='lat'><em>5.</em></span> <span class='ocrx_word' id='word_1_178' title='bbox 500 2661 547 2729; x_wconf 88' lang='lat'><em>66.</em></span> <span class='ocrx_word' id='word_1_179' title='bbox 567 2669 617 2730; x_wconf 82' lang='lat' dir='ltr'><em>Ab</em></span> <span class='ocrx_word' id='word_1_180' title='bbox 636 2667 745 2730; x_wconf 89' lang='lat' dir='ltr'><em>eodem</em></span> <span class='ocrx_word' id='word_1_181' title='bbox 762 2670 891 2735; x_wconf 87' lang='lat' dir='ltr'><em>Euclide</em></span> <span class='ocrx_word' id='word_1_182' title='bbox 908 2669 1002 2734; x_wconf 79' lang='lat' dir='ltr'><em>facile</em></span> <span class='ocrx_word' id='word_1_183' title='bbox 1019 2671 1187 2751; x_wconf 88' lang='lat' dir='ltr'><em>prosiliunt</em></span> <span class='ocrx_word' id='word_1_184' title='bbox 1204 2671 1386 2738; x_wconf 83' lang='lat' dir='ltr'><em>innumerae</em></span> <span class='ocrx_word' id='word_1_185' title='bbox 1401 2677 1559 2740; x_wconf 79' lang='lat' dir='ltr'><em>Arearum</em></span> 
     </span>
    </p>

    <p class='ocr_par' dir='ltr' id='par_1_7' title="bbox 525 2745 1558 2828">
     <span class='ocr_line' id='line_1_29' title="bbox 525 2745 1558 2828; baseline 0.006 -20"><span class='ocrx_word' id='word_1_186' title='bbox 525 2745 777 2810; x_wconf 84' lang='lat' dir='ltr'><em>Curvilineasum</em></span> <span class='ocrx_word' id='word_1_187' title='bbox 797 2751 1018 2828; x_wconf 74' lang='lat' dir='ltr'><em>quadraturae.</em></span> <span class='ocrx_word' id='word_1_188' title='bbox 1033 2751 1179 2828; x_wconf 80' lang='lat' dir='ltr'><em>Exempla</em></span> <span class='ocrx_word' id='word_1_189' title='bbox 1195 2749 1309 2813; x_wconf 86' lang='lat' dir='ltr'><em>danmt</em></span> <span class='ocrx_word' id='word_1_190' title='bbox 1326 2765 1392 2813; x_wconf 88' lang='lat' dir='ltr'><em>tam</em></span> <span class='ocrx_word' id='word_1_191' title='bbox 1410 2753 1442 2814; x_wconf 91' lang='lat' dir='ltr'><em>in</em></span> <span class='ocrx_word' id='word_1_192' title='bbox 1454 2753 1558 2816; x_wconf 87' lang='lat' dir='ltr'><em>Lineis</em></span> 
     </span>
    </p>

    <p class='ocr_par' dir='ltr' id='par_1_8' title="bbox 527 2821 1558 2921">
     <span class='ocr_line' id='line_1_30' title="bbox 527 2821 1558 2921; baseline 0.009 -38"><span class='ocrx_word' id='word_1_193' title='bbox 527 2821 705 2900; x_wconf 76' lang='lat' dir='ltr'><em>aigeinaieis</em></span> <span class='ocrx_word' id='word_1_194' title='bbox 716 2841 810 2904; x_wconf 87' lang='lat' dir='ltr'><em>quam</em></span> <span class='ocrx_word' id='word_1_195' title='bbox 829 2825 863 2888; x_wconf 92' lang='lat' dir='ltr'><em>in</em></span> <span class='ocrx_word' id='word_1_196' title='bbox 880 2825 1174 2892; x_wconf 77' lang='lat' dir='ltr'><em>transcendentibus.</em></span> <span class='ocrx_word' id='word_1_197' title='bbox 1194 2827 1280 2890; x_wconf 88' lang='lat' dir='ltr'><em>Inter</em></span> <span class='ocrx_word' id='word_1_198' title='bbox 1293 2843 1463 2921; x_wconf 85' lang='lat' dir='ltr'><em>postremas</em></span> <span class='ocrx_word' id='word_1_199' title='bbox 1478 2850 1558 2892; x_wconf 84' lang='lat' dir='ltr'><em>nova</em></span> 
     </span>
    </p>

    <p class='ocr_par' dir='ltr' id='par_1_9' title="bbox 528 2899 1554 2984">
     <span class='ocr_line' id='line_1_31' title="bbox 528 2899 1554 2984; baseline 0.006 -26"><span class='ocrx_word' id='word_1_200' title='bbox 528 2899 647 2961; x_wconf 83' lang='lat' dir='ltr'><em>emicat</em></span> <span class='ocrx_word' id='word_1_201' title='bbox 664 2901 766 2966; x_wconf 85' lang='lat' dir='ltr'><em>Curva</em></span> <span class='ocrx_word' id='word_1_202' title='bbox 783 2923 803 2968; x_wconf 85' lang='lat' dir='ltr'><em>a</em></span> <span class='ocrx_word' id='word_1_203' title='bbox 820 2901 967 2981; x_wconf 84' lang='lat' dir='ltr'><em>Cycloide</em></span> <span class='ocrx_word' id='word_1_204' title='bbox 993 2903 1116 2984; x_wconf 78' lang='lat' dir='ltr'><em>genita.</em></span> <span class='ocrx_word' id='word_1_205' title='bbox 1143 2901 1368 2981; x_wconf 66' lang='lat' dir='ltr'><em>Diffirenttalia</em></span> <span class='ocrx_word' id='word_1_206' title='bbox 1397 2923 1554 2979; x_wconf 85' lang='lat' dir='ltr'><em>praeterea</em></span> 
     </span>
    </p>
   </div>
   <div class='ocr_carea' id='block_1_5' title="bbox 524 2972 1886 3128">
    <p class='ocr_par' dir='ltr' id='par_1_10' title="bbox 524 2972 1886 3128">
     <span class='ocr_line' id='line_1_32' title="bbox 524 2972 1614 3117; baseline 0.006 -81"><span class='ocrx_word' id='word_1_207' title='bbox 524 2972 781 3117; x_wconf 44' lang='lat' dir='ltr'><em>giffnitudinum</em></span> <span class='ocrx_word' id='word_1_208' title='bbox 817 3000 833 3042; x_wconf 90' lang='lat' dir='ltr'><em>e</em></span> <span class='ocrx_word' id='word_1_209' title='bbox 955 2983 1062 3060; x_wconf 74' lang='lat' dir='ltr'><em>tettan</em></span> <span class='ocrx_word' id='word_1_210' title='bbox 1090 2997 1282 3064; x_wconf 77' lang='lat' dir='ltr'><em>emergunt.</em></span> <span class='ocrx_word' id='word_1_211' title='bbox 1310 2979 1438 3062; x_wconf 76' lang='lat' dir='ltr'><em>umque</em></span> <span class='ocrx_word' id='word_1_212' title='bbox 1466 2980 1614 3072; x_wconf 34' lang='lat' dir='ltr'><em>adest·-</em></span> 
     </span>
     <span class='ocr_line' id='line_1_33' title="bbox 632 3039 1886 3128; baseline -0.01 -8"><span class='ocrx_word' id='word_1_213' title='bbox 632 3051 845 3121; x_wconf 69' lang='lat' dir='ltr'><em>clinnum</em></span> <span class='ocrx_word' id='word_1_214' title='bbox 890 3099 898 3120; x_wconf 88' lang='lat'><strong>.</strong></span> <span class='ocrx_word' id='word_1_215' title='bbox 1572 3050 1647 3120; x_wconf 72' lang='lat' dir='ltr'><em>ibid.</em></span> <span class='ocrx_word' id='word_1_216' title='bbox 1704 3039 1886 3128; x_wconf 58' lang='lat' dir='ltr'><em>ascetum.</em></span> 
     </span>
    </p>
   </div>
   <div class='ocr_carea' id='block_1_6' title="bbox 0 0 2238 6124">
    <p class='ocr_par' dir='ltr' id='par_1_11' title="bbox 0 0 2238 6124">
     <span class='ocr_line' id='line_1_34' title="bbox 0 0 2238 6124; baseline 0 15"><span class='ocrx_word' id='word_1_217' title='bbox 0 0 2238 6124; x_wconf 95' lang='lat' dir='ltr'><em> </em></span> 
     </span>
    </p>
   </div>
  </div>
 </body>
</html>
