4566 6152
552 425 607 507 24
851 501 853 508 .

490 541 680 620 monstrare
698 545 904 622 mensurarit
930 551 1038 624 Solidi
1063 551 1298 646 Ungularis
1281 575 1301 622 a
1326 553 1494 642 Cylindro
1519 561 1605 626 recto
1630 554 1758 626 rescissi
1787 551 1880 640 (llo).
1911 555 2013 626 Com·

489 676 603 768 plures
629 679 769 770 paginas
794 679 919 770 implet
944 699 988 750 ιιι
1013 679 1154 750 tandem
1180 678 1344 752 ostendat
1378 681 1481 774 quod
1515 703 1602 774 pene
1636 703 1703 751 una
1735 683 1934 754 absolvitur
1967 683 2009 750 li·

487 823 576 880 nea.
603 801 803 894 mirom'que
828 823 880 875 est
904 825 1010 899 agere
1035 806 1136 876 illem
1164 806 1208 874 de
1235 805 1425 899 superficie
1462 811 1631 902 Ungulae
1666 831 1835 900 expansae
1863 805 2011 900 perinde

484 949 526 1000 ac
552 930 578 997 si
605 931 698 1000 Area
725 929 933 1004 intimante
959 937 1074 1026 ipsunt
1100 937 1281 1030 incognita
1307 931 1418 1008 fuerit
1441 932 1539 1023 (81).
1565 935 1808 1006 Veruntamen
1834 955 1902 1004 non
1920 955 2009 1026 opus

486 1073 566 1124 erat
589 1079 652 1128 suo
673 1057 796 1127 Caiice
820 1057 1024 1145 Cylindrico
1050 1061 1093 1140 (a
1121 1062 1280 1134 Galilaeo
1306 1083 1377 1132 tato
1405 1061 1571 1132 nobilitet
1602 1061 1637 1130 io
1664 1060 1818 1154 Dialogis
1844 1067 1898 1130 De
1922 1083 2008 1130 noua
2053 1033 2057 1040 ,

484 1181 712 1252 scientiam.
730 1203 916 1267 exornato,
938 1205 976 1255 et
999 1185 1142 1260 foetasse
1166 1188 1435 1259 indivisibidum
1457 1187 1635 1260 uberrimo
1654 1184 1800 1271 footel.
1827 1208 1894 1256 non
1919 1205 2006 1278 opus

483 1308 656 1377 rationem
692 1331 863 1400 quaerere
900 1313 1067 1408 Ungulae
1103 1312 1146 1386 ad
1172 1336 1287 1410 aeque
1313 1315 1425 1384 altum
1448 1309 1678 1402 Culindrum.
1704 1311 1847 1404 Ungula
1873 1311 2006 1384 etenim

482 1435 624 1514 neec,
649 1435 896 1532 quaecumque
922 1443 984 1520 sit,
1009 1442 1089 1513 icttt
1113 1442 1210 1512 oculi
1233 1443 1270 1513 in
1294 1441 1533 1531 Pyramidula'e
1556 1439 1777 1514 retrahedtas
1810 1439 2003 1512 resoluitur

483 1557 861 1656 (·l²ig.17.),quatum
888 1589 1015 1639 uertere
1038 1569 1232 1642 commonit
1257 1570 1293 1638 ist
1318 1569 1450 1638 Centro
1474 1576 1529 1649 D,
1546 1567 1634 1642 basis
1657 1590 1767 1642 unum
1783 1589 1831 1639 ex
1848 1567 2010 1644 eleatem,

485 1689 527 1754 tis
554 1691 669 1766 IOST,
693 1689 850 1764 altitudo
874 1693 1065 1764 communis
1091 1703 1168 1776 DI.
1193 1696 1346 1788 aequalis
1372 1693 1486 1766 Radia
1505 1696 1745 1768 uesanos
1768 1693 1883 1784 igitur
1899 1693 2004 1779 Pyra·
2101 1734 2106 1742 ·

480 1813 716 1896 midularum,
741 1820 815 1887 siue
843 1841 959 1892 totum
985 1821 1139 1893 Solidum
1165 1824 1359 1914 ungulare.
1384 1844 1447 1912 pat
1478 1823 1548 1896 ecit
1580 1822 1642 1893 uni
1667 1817 1873 1910 'Pyramidi.
1909 1839 2001 1911 quae

482 1960 546 2029 pto
576 1943 648 2010 basi
681 1943 814 2013 lrabeat
842 1947 1073 2037 Superficiem
1106 1949 1281 2039 integram
1316 1947 1518 2038 ungulae.
1537 1948 1702 2022 molitum
1735 1948 1999 2037 Rectangulum

479 2067 654 2143 Acuti,
681 2087 718 2136 et
742 2090 806 2158 pro
830 2069 1021 2140 altitudine
1047 2071 1201 2142 Iiadium
1227 2077 1311 2142 DE.
1337 2071 1531 2146 Perfectum
1556 2069 1647 2155 (nec
1674 2069 2001 2160 transceudentem)

480 2184 570 2258 hatte
596 2191 702 2262 Solidi
725 2194 923 2264 sabaeorum
949 2195 1124 2288 (eiusque
1147 2199 1331 2292 partium.)
1357 2201 1383 2270 si
1409 2198 1452 2272 nd
1489 2219 1641 2274 mentem
1675 2203 1829 2282 auctoris
1862 2201 2000 2291 placeat

479 2335 693 2416 convertere
719 2321 755 2390 io
781 2302 1043 2414 proportionem
1070 2327 1285 2396 numericam
1312 2329 1525 2418 proximam.
1549 2329 1782 2418 consequitur
1807 2323 1909 2395 facile
1934 2323 2000 2414 Py·

480 2443 651 2514 renuidem
677 2445 793 2527 illam.
818 2451 894 2518 sive
928 2447 1085 2516 Solidum
1121 2451 1310 2542 Ungulae,
1345 2473 1418 2522 esse
1444 2452 1488 2524 ad
1514 2453 1719 2541 Culindrum
1744 2473 1868 2545 aeque
1886 2451 2000 2522 altum

476 2611 734 2704 firmantem
755 2613 809 2688 ott
836 2617 921 2682 Ac.
901 2567 1029 2748 {392

1049 2583 1201 2682 AECM
1220 2569 1309 2736 -ἒ,
1335 2617 1390 2686 vel
1427 2639 1470 2688 ut
1503 2619 1607 2688 tertia
1641 2639 1718 2706 pars
1754 2611 1928 2680 Diametri
1953 2612 2001 2681 ad

474 2778 649 2850 semissem
674 2753 896 2868 Periplteriae
924 2777 1125 2856 circulatis,
1145 2775 1338 2849 uidelicet'
1328 2801 1364 2846 tn
1384 2779 1537 2851 numeris
1555 2777 1599 2847 ab
1614 2773 1829 2849 Archimede
1847 2773 1937 2848 datis
1957 2797 1999 2850 ut

475 2918 559 3002 J.-
551 2961 649 3020 ιιι,
676 2942 818 3035 siser:
811 2963 903 3034 ..33
929 2962 966 3014 et
992 2968 1027 3014 ro
1052 2944 1435 3016 numertsPetrrMetn
1461 2911 2006 3078 ut-33·-⁵-⁵.ve122621065‚-

472 3017 515 3082 3

476 3107 774 3204 quemadmodum
798 3109 1078 3180 Hertenstein
1065 3133 1139 3202 tpse
1171 3109 1331 3180 decernit
1357 3127 1436 3200 post
1469 3127 1524 3180 tot
1559 3127 1745 3202 tantasque
1777 3109 1995 3180 Lemmatont

476 3238 743 3328 praemissorum
769 3237 954 3328 ambages.
980 3236 1076 3308 Dum
1101 3219 1283 3308 herculeas
1320 3237 1582 3306 lucubrationes
1622 3236 1785 3328 Gregorii
1816 3259 1836 3305 a
1867 3237 1995 3304 Sancto

475 3365 690 3442 Vincentio,
715 3383 753 3432 et
770 3337 1018 3456 'Evangelistae
1045 3364 1245 3435 Torricellii
1272 3339 1660 3456 MSS.‘pervolosabam
1685 3360 1763 3450 lua)
1788 3361 1833 3432 de
1856 3359 1998 3455 graphi*

471 3515 511 3564 ca
538 3493 772 3585 descriptione
798 3494 1000 3561 Sectionum
1016 3477 1136 3568 ¹Cotti,
1162 3512 1202 3558 ea
1229 3490 1314 3558 milti
1342 3493 1543 3582 praesertim
1568 3491 1744 3569 occurrit,
1769 3511 1840 3582 qua
1861 3488 1992 3578 Ellipsis

470 3611 754 3690 obtinetur'itoc
790 3618 916 3689 modo.
939 3619 993 3688 Sit
1025 3619 1184 3688 Circulus
1218 3623 1339 3686 Anco
1373 3617 1470 3710 (Fig.
1497 3614 1599 3703 td),
1636 3616 1822 3709 ductisque
1857 3635 1992 3684 norma·

469 3746 560 3816 libus
587 3747 775 3818 innumeris
802 3749 952 3824 130,Ρο
977 3767 1047 3814 ιιι.
1081 3745 1127 3814 ad
1154 3732 1378 3813 Diamettum⁴
1403 3749 1473 3842 ¹lli)
1507 3763 1569 3835 per
1597 3762 1705 3814 totam
1738 3740 1992 3834 Prophetiam,

471 3870 564 3942 fiant
598 3875 668 3953 ΕΙ,
679 3877 730 3942 F!
754 3893 822 3942 etc.
846 3871 1035 3964 parallelae
1060 3869 1174 3940 eidem
1199 3869 1403 3950 Diametto,
1436 3891 1475 3942 et
1507 3873 1545 3942 in
1577 3873 1664 3940 data
1689 3887 1911 3961 quecumque
1937 3888 1991 3937 ra·

472 4001 568 4071 tione
594 3997 639 4070 ad
665 3999 858 4094 praedictas
881 3997 1072 4068 normales.
1095 4000 1213 4068 Curva
1240 4002 1361 4068 DIIH
1381 4018 1450 4068 etc.
1484 4002 1553 4072 erit
1587 3999 1720 4086 Ellipsis
1742 3997 1863 4066 cortica
1887 3989 1990 4084 (83).

470 4130 505 4198 bi
532 4148 651 4200 autem
679 4149 776 4198 recte
802 4123 1062 4205 consideretur,
1088 4125 1252 4215 Ellipseos
1279 4127 1378 4212 istius
1411 4127 1509 4196 semis
1542 4142 1594 4193 est
1629 4122 1771 4215 Ungula
1798 4139 1988 4192 memorata
2043 4097 2048 4106 ⁵

436 4252 441 4262 '
470 4256 647 4337 cylindri,
675 4257 728 4323 vel
753 4257 943 4342 primaria,
970 4255 1027 4322 uel
1053 4246 1266 4331 secundaria,
1283 4275 1374 4346 quae
1391 4239 1564 4324 cottversis
1581 4248 1656 4315 eius
1674 4247 1851 4321 Ordinatio
1867 4251 1929 4324 ΕΙ,
1940 4247 1990 4313 F!

469 4397 560 4455 etc..
587 4377 667 4446 dunt
694 4401 830 4448 maneat
855 4363 971 4448 rectos
997 4381 1140 4471 angulus
1164 4383 1352 4461 OEI,OFI
1374 4399 1461 4452 etc..
1493 4371 1636 4442 tandem
1673 4373 1809 4446 desinat
1843 4377 1878 4444 in
1910 4371 1986 4441 Pla·

472 4523 558 4574 nunt
583 4495 721 4571 baseos:
744 4501 810 4569 'nec
837 4525 957 4592 parom
982 4504 1196 4572 admiremur
1219 4523 1360 4597 oportet
1386 4501 1420 4568 in
1445 4499 1695 4572 hac'extrema
1729 4502 1905 4593 Ungulae
1927 4497 1988 4568 cle·

470 4625 683 4700 formatione
709 4626 802 4696 illins
827 4627 1056 4717 perimetrum
1083 4625 1305 4700 nihilominus
1330 4647 1469 4698 manere
1495 4627 1709 4719 eilipticam,
1733 4629 1787 4698 uti
1813 4627 1849 4697 in
1867 4645 2005 4726 erecta!

471 4754 698 4845 Cylindrica,
724 4773 859 4822 necnon
884 4773 997 4845 aeque
1023 4756 1262 4844 quadrabilem
1287 4775 1383 4830 esse,
1410 4753 1578 4824 videi-icet
1603 4753 1733 4824 Aream
1759 4755 1835 4824 eius
1866 4771 1985 4846 perae·

472 4909 585 4980 quere
612 4881 928 4972 diotidiom.ipsius
955 4879 1123 4973 Unguitte
1145 4901 1309 4956 ιιιιιιιι.
1333 4877 1442 4972 Quod
1462 4897 1673 4973 postremum
1697 4879 1865 4976 equidem
1902 4899 1987 4955 com

1866 5019 1937 5078 stat
1993 5017 2001 5036 1
