4566 6152
410 467 424 484 ‘
557 462 611 528 20

497 596 533 662 in
569 589 701 666 circuli
738 589 935 684 pellplterin
970 589 1183 665 diametrum
1217 590 1370 666 habente
1404 605 1433 669 rr
1466 591 1565 686 (59).
1601 594 1666 662 Per
1709 590 1904 663 doctrinam
1941 611 2019 664 ere·

500 721 573 800 nim
600 717 749 790 Galilaei
773 715 854 806 (60)
876 719 1050 810 descripta
1076 718 1275 813 peripheria
1302 741 1354 791 est
1378 728 1462 791 locus
1480 719 1713 815 geometricus
1729 739 1940 789 recursuum
1967 740 2025 790 re·

500 866 656 918 etarurn
666 846 711 914 ab
736 848 904 914 extremis
925 847 1070 1026 punctis
1096 854 1147 926 A,
1160 852 1201 917 Ν
1230 847 1443 931 ductarum,
1481 869 1574 939 quae
1610 845 1757 916 eandem
1791 865 1934 918 servent
1969 867 2033 938 ra·-

1067 981 1100 1024 ω,

923 1032 1052 1128 talu:
1067 1037 1210 1125 ω’ΝΞ

501 1177 632 1248 niversi
656 1176 695 1246 lri
720 1177 808 1246 Corsi
832 1177 876 1248 ad
903 1176 1042 1248 easdem
1068 1175 1279 1269 Superficies
1305 1080 1541 1264 Cylindricas
1566 1197 1604 1246 et
1629 1179 1771 1272 Ellipses
1795 1183 1936 1254 easdem
1971 1211 2025 1260 re·

502 1285 687 1376 feruntur.
721 1307 818 1374 Inter
852 1305 1011 1372 Cunos'
1001 1323 1084 1375 rstos
1117 1307 1191 1376 sine
1228 1327 1374 1376 numero
1398 1306 1553 1398 quisque
1581 1304 1679 1374 videt
1705 1307 1804 1379 illurn
1829 1311 2025 1382 altitudinis

502 1429 675 1500 maximae
702 1418 779 1520 ip,
805 1429 978 1515 alterum,
1011 1431 1108 1502 euius
1134 1453 1257 1504 vertex
1281 1445 1304 1508 λ
1329 1431 1489 1503 imminet
1515 1431 1856 1522 perpendiculariter
1889 1459 2023 1530 puncto

386 1543 388 1548 ’
503 1557 562 1642 N,
588 1559 835 1650 Cunorutuque
863 1561 978 1651 paria.
1003 1560 1057 1630 uti
1083 1553 1213 1640 ts‘',o'“.
1237 1559 1443 1632 altitudines
1468 1552 1634 1650 to''r,n‘'sr
1657 1561 1820 1654 aequales
1840 1561 2025 1636 habentia.

502 1685 598 1756 Fons.
616 1703 737 1757 autern
761 1683 902 1756 huiusce
929 1685 1107 1758 Thouriae
1132 1686 1177 1760 de
1202 1689 1377 1760 Corsorum
1403 1693 1604 1760 scalmorum
1628 1686 1767 1762 familiis
1783 1691 1903 1760 unico
1937 1712 2025 1783 puu-

504 1831 567 1883 ctu
590 1811 717 1882 vicario
741 1829 756 1893 a
781 1812 1064 1905 respondentibus
1088 1811 1189 1900 (nour
1214 1815 1313 1888 aliud
1337 1841 1355 1884 v
1378 1837 1423 1886 ex
1447 1818 1560 1908 primo
1590 1815 1766 1896 dimanat,
1800 1815 2025 1910 quemadmo-

502 1937 589 2016 dum
615 1941 650 2008 in
677 1935 710 2029 §.
737 1938 836 2030 ΖΜ.)
859 1940 965 2012 altius
990 1941 1204 2034 repetendus
1229 1963 1303 2025 est,
1329 1945 1551 2020 nimirum.a
1577 1943 1813 2038 pulcherrima
1838 1943 2025 2016 cuiuslibet

506 2065 646 2158 obliqui
671 2065 759 2134 Coni
794 2069 1034 2158 proprietate,
1059 2089 1153 2160 quae
1181 2069 1364 2140 doctrinae
1390 2092 1407 2138 a
1434 2070 1593 2142 Galilaeu
1626 2070 1779 2142 traditae
1814 2069 1932 2143 veluti
1966 2089 2027 2162 ap·

506 2189 640 2284 pendix
666 2211 743 2264 toto
767 2193 844 2262 iure
871 2195 1067 2286 nuncupari
1094 2197 1248 2286 poterit.
1276 2197 1417 2268 tametsi
1443 2199 1568 2268 necin
1595 2217 1777 2277 veterum,
1804 2219 1870 2268 nec
1904 2197 1940 2268 iu
1973 2217 2026 2266 re·

506 2321 708 2393 ceorlorum
733 2319 933 2392 Geomerria
959 2321 1064 2414 ipsius
1089 2323 1281 2414 vestigium
1307 2324 1525 2396 invenerim.
1551 2325 1646 2398 Dato
1669 2345 1901 2419 quocumque
1926 2324 2023 2394 Cono

507 2452 634 2538 scaleno
660 2445 759 2543 (fig.
790 2451 873 2542 14.)
896 2455 1078 2532 AODLM,
1107 2452 1208 2528 cuius
1231 2449 1387 2526 altitudo
1412 2455 1495 2532 AB,
1534 2453 1722 2524 maximum
1755 2451 1911 2526 laterum
1945 2454 2029 2530 Aba

506 2579 688 2668 minimum
716 2583 793 2657 Ao,
820 2599 858 2648 et
882 2587 910 2648 c
930 2598 1101 2671 puuctum
1126 2580 1161 2650 iu
1188 2579 1363 2672 producta
1387 2579 1562 2652 diametro
1586 2587 1644 2652 Lo
1667 2578 1757 2652 adeo
1781 2581 1959 2668 positum,
1986 2591 2031 2646 ut

477 2787 480 2796 .
506 2710 661 2782 [10:602
678 2711 865 2782 ἷΑιιΑΟ,
891 2707 918 2772 si
943 2727 987 2772 ex
1015 2707 1208 2783 verticeA
1234 2706 1408 2775 ducantur
1431 2707 1543 2768 latera
1567 2706 1656 2768 Coni
1682 2695 1856 2776 AD2AD'
1880 2715 1974 2773 etc..
1993 2717 2033 2772 er

507 2854 528 2900 a
553 2851 688 2920 punctu
711 2836 738 2898 C
758 2848 878 2898 rectae
904 2822 1066 2904 CD‚CD'
1091 2843 1186 2902 etc..
1210 2825 1280 2894 erir
1304 2843 1442 2913 semper
1465 2841 1621 2894 constans
1638 2822 1731 2892 ratio
1744 2822 1839 2892 iuter
1857 2797 2032 2906 ΑΒΜ).

510 2976 574 3026 seu
611 2947 780 3031 ADGCD'
816 2971 906 3030 erc„
931 2951 1081 3030 scilicet,
1106 2949 1265 3042 aequalis
1299 2949 1441 3028 rationi,
1461 2951 1566 3021 darae
1590 2952 1758 3029 ΑΜΒ,
1785 2949 1843 3020 vel
1869 2953 2030 3022 Aureo·

506 3083 591 3151 Non
616 3080 727 3148 solum
752 3079 868 3170 igitur
888 3065 1183 3148 Circumferentia
1208 3075 1337 3149 circuli
1355 3080 1435 3148 PAC
1449 3079 1534 3148 loros
1551 3095 1605 3148 est
1624 3095 1833 3168 occursuutu
1852 3097 2028 3150 rectarum

510 3207 583 3278 sine
619 3227 768 3276 numero
803 3207 959 3284 ΑΒ,Αο
983 3225 1053 3276 erc.
1078 3204 1225 3278 eandem
1251 3205 1421 3278 rationem
1447 3207 1696 3299 geometricam
1729 3179 1957 3284 habentium,
1987 3179 2028 3274 'et

510 3338 547 3406 in
581 3332 704 3404 eodem
738 3333 871 3405 Circuli
905 3333 1009 3425 plano
1042 3333 1205 3416 sitarum,
1240 3331 1301 3403 sed
1336 3331 1444 3402 etiam
1482 3331 1683 3426 peripheria
1709 3336 1845 3404 ODLM
1865 3332 1908 3402 ad
1935 3331 2028 3401 illam

512 3461 671 3532 normalis
696 3479 749 3531 est
773 3465 858 3530 locus
881 3461 973 3530 alter
996 3482 1201 3532 occursuum
1227 3481 1404 3534 rectarum
1423 3465 1510 3540 .·,lD
1524 3465 1666 3566 lJCetc.
1677 3481 1856 3554 ‚quarum
1875 3459 1966 3529 ratio
1985 3459 2029 3527 sit

509 3587 632 3662 eadem
657 3610 699 3660 ac
724 3589 807 3659 AO:
821 3593 893 3660 OC
919 3585 1012 3658 Tota
1038 3609 1091 3660 res
1116 3586 1246 3680 pendet
1271 3613 1291 3659 a
1318 3591 1433 3660 minus
1459 3607 1543 3658 noro
1567 3584 1806 3658 Theoremate
1840 3585 2028 3654 elementa·

512 3719 562 3796 ri
590 3714 688 3810 quud
712 3713 758 3788 ad
782 3711 1003 3788 Problemata
1037 3731 1133 3786 ruore
1169 3735 1335 3788 veterum
1372 3716 1560 3830 Analyseus
1595 3709 1803 3784 resolvenda
1836 3712 1960 3781 mirum
1995 3711 2029 3777 in

514 3841 658 3913 modum
689 3839 874 3934 perducit.
901 3839 1099 3916 Theorema
1124 3865 1177 3914 est
1201 3841 1298 3936 quod
1322 3841 1407 3915 dato
1431 3843 1627 3936 Triangulo
1663 3848 1751 3914 0Αο
1775 3839 1979 3929 oxygonio,
2002 3835 2030 3903 si

518 3969 674 4040 ducatur
701 3973 762 4038 Ar
785 3960 1081 4062 perpendicularis
1106 3971 1209 4040 lateri
1225 3975 1311 4051 AG,
1337 3991 1449 4064 atque
1474 3975 1554 4050 Au,
1579 3991 1673 4062 quae
1698 3989 1781 4037 cum
1809 3971 1867 4035 ΑΡ
1901 3957 2030 4034 efficiat

516 4097 687 4191 angulum
713 4101 997 4180 PAL=PAO,
1023 4118 1062 4170 et
1085 4099 1264 4170 bisecerur
1287 4103 1343 4168 OL
1369 4101 1405 4167 in
1430 4117 1561 4191 puncto
1586 4103 1621 4164 Z
1631 4141 1641 4172 ,
1666 4113 1704 4164 et
1730 4097 1791 4164 AB
1815 4093 1860 4161 sit
1896 4077 2030 4158 norma·

513 4229 555 4297 lis
578 4234 650 4306 06,
677 4223 852 4298 habeatur
875 4223 1300 4317 60‘2A0²:cczruza
1330 4224 1428 4319 quud
1464 4225 1576 4316 ipsum
1611 4243 1650 4290 er
1685 4220 1728 4290 de
1764 4219 1970 4302 cvzau',
1996 4233 2032 4287 et

515 4352 560 4420 tle
586 4354 782 4444 Triangulo
804 4355 1034 4448 amblygoniu
1054 4359 1145 4426 Lac
1165 4355 1313 4424 vicissim
1335 4349 1606 4442 comprobatur.
1623 4349 1697 4436 Qui
1721 4345 2031 4418 demonstrationes

516 4473 780 4566 simplicissimas
797 4479 917 4569 cupiat
935 4480 971 4547 in
989 4480 1229 4551 Adnorarione
1242 4477 1319 4568 (61)
1334 4477 1509 4571 reperiet.
1526 4475 1768 4544 Veruntamen
1787 4476 1901 4546 obiter
1918 4471 2033 4541 dicam

470 1044 473 1062 ι
501 1011 659 1082 tionem:
687 989 970 1109 quapropter?—

513 4599 619 4674 istud·
635 4601 855 4683 Theorema,
880 4604 1032 4696 eiusque
1057 4604 1218 4674 derivata
1235 4602 1335 4690 (62),
1355 4599 1588 4672 universalem
1613 4604 1733 4672 sistere
1758 4623 1946 4676 canonem,
1961 4616 2033 4691 quo

514 4729 763 4800 celeberrimae
787 4731 1039 4822 Propositiones
1064 4731 1316 4803 contineantur
1337 4713 1599 4822 de'Triangu'lis
1617 4727 1854 4820 orthogoniis.
1873 4724 2031 4818 Singula·

515 4861 561 4931 ris
585 4859 718 4933 crerier
741 4877 840 4932 carus
866 4875 919 4930 est
942 4857 969 4930 si
995 4861 1058 4931 ΑΟ
1079 4879 1162 4932 suat
1195 4865 1258 4933 Ar
1288 4853 1545 4944 confundatur,
1572 4855 1724 4952 ideoque
1749 4857 1856 4928 etiam
1884 4855 2032 4925 aut-ae

1814 4995 1987 5072 puuctum
