4552 6150
553 487 639 546 XXX

481 607 613 686 tiones
654 607 789 714 ipsae,
828 614 939 692 salva
979 615 1258 722 aequalitate,
1295 591 1347 696 ad
1387 639 1643 698 communem
1682 615 2011 720 Consequentem

479 743 745 828 reducantur.
773 748 970 836 Censores
999 753 1168 860 quidam
1196 753 1441 835 clandestini
1469 779 1659 838 emunctae
1696 729 1811 837 uaris
1842 755 2012 858 idgenus

479 887 841 970 ratiocinationem
872 919 953 972 non
983 897 1081 976 satis
1111 895 1429 981 intellexerunt,
1458 895 1624 999 perinde
1644 898 1746 975 acsi
1768 891 2015 977 sermofuis-

482 1047 543 1104 set
573 1025 622 1106 de
652 1029 817 1110 sublimi
847 1031 1048 1112 Mathesi.
1078 1032 1278 1138 Exemplo
1306 1055 1443 1114 tamen
1474 1031 1675 1114 facillimo
1696 1059 1757 1114 res
1777 1033 2015 1114 conficitur.

484 1164 573 1246 Sint
601 1167 684 1248 duo
713 1169 905 1248 Rationes
946 1169 1121 1258 numeris
1164 1193 1374 1278 expressae
1403 1195 1528 1261 m:1‚
1556 1194 1660 1251 nrr.
1697 1171 1919 1251 Indubium
1956 1191 2018 1250 est

485 1330 622 1384 earum
644 1305 925 1410 Exponentes,
946 1309 1115 1414 vulgato
1142 1335 1284 1406 sensu,
1312 1337 1396 1392 esse
1426 1339 1540 1402 m,n,
1568 1312 1666 1392 dum
1688 1331 1831 1398 contra
1851 1308 2019 1418 Lm,Ln

485 1463 581 1524 sunt
609 1445 652 1524 in
681 1445 900 1526 admodum
930 1446 1188 1556 discrepante
1216 1451 1412 1532 Ratione.
1451 1449 1614 1530 Diversi
1652 1441 1804 1530 etenim
1844 1445 2020 1524 Numeri

485 1607 693 1688 nunquam
722 1606 816 1664 sunt
842 1607 982 1668 eorum
1014 1589 1291 1694 Logarithmis
1319 1589 1668 1697 proportionales.
1689 1590 1769 1692 Qui
1791 1607 1927 1666 autem
1945 1585 2023 1662 Ra-

485 1721 647 1804 tionum
675 1725 933 1832 Exponentes
962 1729 1024 1810 uti
1052 1729 1212 1810 Indices
1241 1729 1491 1810 Potestatum
1519 1727 1771 1808 considerare
1793 1725 2022 1823 voluerint,

488 1859 548 1940 ita
578 1883 624 1942 ut
651 1855 794 1948 erdem
824 1888 1014 1950 manente
1044 1863 1116 1946 m¹:
1135 1891 1179 1960 ι,
1206 1867 1335 1950 altera
1365 1867 1485 1947 Ratio
1514 1897 1562 1948 n:
1585 1891 1599 1945 r
1625 1887 1807 1946 vertatur
1826 1865 1868 1944 in
1889 1853 1963 1942 m':
1980 1883 2023 1950 1,

491 2020 606 2088 tum,
635 1997 747 2082 facto
775 2031 812 2082 m
842 2006 933 2086 Basi
962 2007 1202 2110 systematis
1232 2005 1562 2112 Logarithmici‚
1599 2031 1676 2087 ιιι
1705 2003 1812 2085 foret
1850 2001 1895 2082 in
1930 2000 2025 2080 Pro·

490 2139 682 2244 portione
723 2137 1083 2246 Logarithmmum
1123 2147 1421 2249 pertinentium
1465 2145 1516 2224 ad
1567 2147 1773 2226 Numeros
1812 2167 1922 2230 m‚n
1959 2135 2026 2218 vel

492 2275 754 2378 Exponentes
783 2279 970 2384 vulgatos
999 2281 1219 2364 Rationum
1249 2283 1458 2364 datarum.
1499 2283 1573 2364 Sed
1613 2283 1686 2362 illa
1724 2278 2027 2388 Exponentium

491 2414 769 2498 consideratio
798 2417 850 2500 ab
878 2419 1094 2500 Euclideis'
1116 2424 1344 2526 praeceptis
1369 2422 1550 2502 aberrat.
1571 2421 1694 2521 (Vid.
1714 2415 2028 2526 Encytloptdiom

495 2551 757 2638 Parisi'ensem
782 2559 825 2634 in
856 2549 1005 2634 Vocbl'.
1027 2558 1191 2648 Raison,
1218 2557 1466 2662 Exposont).
1489 2561 1596 2642 Aliis
1625 2561 1832 2660 denique„
1848 2559 1921 2654 qui
1943 2551 2032 2629 Ad·

492 2695 726 2776 notationes
755 2695 936 2768 eiusdem
965 2693 1114 2788 Operis
1145 2697 1186 2764 in
1216 2693 1329 2762 culce
1359 2698 1505 2790 pag¹⁰¹¹¹.
1541 2711 1628 2786 120.
1655 2705 1696 2764 et
1735 2685 1829 2788 362.
1867 2707 2032 2788 compa·

494 2827 674 2908 caverint
704 2847 797 2902 cum
828 2821 1034 2924 Operibus
1062 2819 1215 2898 ibidem
1246 2819 1386 2900 citatis
1415 2823 1473 2900 W
1476 2819 1601 2899 allisii
1631 2846 1680 2902 ac
1710 2819 1907 2912 Viviani,
1926 2849 2032 2928 aqua

497 2962 682 3046 haerebit
711 2961 761 3040 ad
791 2958 1133 3062 significationem
1176 2955 1391 3037 verborum
1424 2984 1506 3036 non
1542 2979 1661 3040 caute
1695 2957 2033 3040 adtendentibus.

498 3105 691 3206 Namque
721 3101 764 3178 in
794 3123 929 3177 earum
962 3121 1164 3204 postrema
1194 3098 1329 3176 locum
1366 3096 1508 3184 illum,
1547 3097 1618 3176 ubi
1655 3097 1858 3181 Vivianus
1895 3097 2034 3180 lauda·

501 3241 564 3320 vit
594 3241 740 3321 Seriem
763 3235 984 3325 leibnitii,
1004 3234 1209 3341 adpellari
1240 3238 1445 3344 isagogen,
1474 3235 1635 3318 scilicet
1662 3239 2034 3326 Introductionem,

502 3375 673 3464 tametsi
695 3377 808 3458 locas
837 3376 923 3484 ipse
951 3377 1007 3458 sit
1036 3375 1173 3483 potius
1203 3377 1252 3458 ad
1282 3376 1430 3465 linem,
1468 3403 1590 3480 quarn
1632 3377 1685 3457 ad
1724 3379 1891 3458 initium
1920 3380 2036 3484 Opu-

503 3520 606 3602 sculi
645 3517 842 3602 Vitianei
882 3515 944 3597 De
982 3515 1222 3598 Fornicibus.
1263 3515 1357 3596 Hoc
1393 3541 1488 3596 sane
1525 3541 1574 3596 eo
1607 3519 1745 3597 animo
1767 3519 1916 3624 scripsi
1948 3538 2035 3595 tum

503 3663 600 3768 quia
629 3659 798 3742 Titulus
827 3685 852 3738 a
879 3657 1064 3738 Viviano
1093 3655 1305 3762 adpositus
1334 3655 1585 3732 Formozione
1613 3683 1630 3736 e
1654 3659 1806 3736 Misura
1835 3657 1875 3736 di
1902 3653 1994 3732 turri
2023 3651 2037 3726 ι’

504 3799 600 3878 Cieli
628 3825 703 3888 ec..
731 3819 818 3878 tum
847 3797 945 3904 quia
973 3795 1202 3899 argumenti
1241 3815 1375 3874 rectus
1413 3791 1514 3874 ordo
1549 3795 1836 3902 expostulabat
1875 3793 1916 3873 id
1957 3789 2039 3897 pri-

507 3961 619 4018 mum
655 3960 769 4024 esse,
807 3933 919 4040 quod
958 3954 1206 4039 postremum
1245 3935 1397 4038 legitur
1434 3932 1478 4014 in
1516 3933 1728 4042 Opusculo
1765 3931 1818 4006 ab
1856 3929 2038 4005 Auctore

510 4074 822 4186 septuagenario
858 4075 903 4156 in
942 4073 1075 4154 lucem
1115 4074 1295 4184 emisso,¹
1320 4097 1446 4180 quum
1484 4073 1596 4180 prius
1634 4069 1685 4148 de
1723 4087 1949 4156 structura,
1990 4091 2040 4144 ac

508 4217 701 4326 deinceps
730 4215 780 4296 de
809 4241 993 4301 mensura
1022 4213 1241 4298 Poenicum
1271 4211 1461 4297 disserere
1481 4204 1745 4312 oportuisset.
1766 4201 1902 4284 Verba
1921 4205 2042 4286 Wal-

509 4355 594 4434 lisii
632 4379 728 4436 sunt
765 4383 837 4446 ea,
873 4383 978 4460 quae
1013 4355 1262 4438 transcribo.
1302 4356 1400 4438 Tota
1438 4371 1526 4431 uero
1553 4343 1709 4450 figura,
1739 4369 1833 4446 qrtoe
1860 4345 2043 4422 contineri

511 4493 738 4598 supponitur
766 4492 861 4590 (out
894 4499 1055 4596 supponi
1081 4496 1227 4596 possit)
1263 4517 1425 4600 quattuor
1463 4488 1642 4600 convexis
1675 4481 1939 4586 Hyperbolus(
1969 4481 2042 4560 ridi

510 4655 668 4722 ιιιιιιιιο,
699 4654 739 4709 ιιι
767 4654 802 4708 tt
835 4631 1062 4734 nsymptoris
1093 4635 1224 4722 rectis,
1248 4653 1336 4738 post
1363 4625 1548 4729 infinitam
1576 4619 1799 4700 distantium
1827 4648 2043 4702 concurren-

510 4771 639 4870 tibus)
661 4771 891 4876 totifiguroe
918 4763 1120 4870 Ellr'pn'cae
1131 4769 1358 4873 respondet,
1388 4760 1468 4840 hoc
1496 4783 1632 4841 autem
1651 4759 1910 4849 discrimine,
1932 4757 2043 4866 quod

511 4913 554 4992 in
583 4909 733 5017 Ellipsi
761 4929 937 5016 quatuor
965 4925 1102 5014 partes
1130 4905 1210 4988 sibi
1239 4927 1383 4988 mutuo
1410 4899 1710 4984 concavitatem
1749 4903 1965 4982 obvertunt
2003 4915 2046 4976 et

1950 5060 1990 5116 se
