4566 6152
1640 449 1741 511 XXIX

275 577 336 658 Ex
365 573 490 656 dictis
518 571 783 679 consequitur
811 593 890 649 nee
918 567 1166 648 editionibus
1194 569 1360 674 quidem
1390 571 1638 650 Britannicis
1668 599 1808 678 perpe·

275 739 350 800 ruo
387 715 595 798 fidendum
635 736 754 798 esse,
790 706 974 812 quamvis
1012 707 1284 810 Glasguenses
1329 709 1565 814 praesertim
1605 709 1806 789 editiones

264 851 595 966 'Typographeii
624 829 926 926 Fouillisiorum
941 899 954 932 ,
983 845 1266 950 Virgiliusque
1304 849 1601 954 'Birminghaml
1641 850 1809 954 impres-

278 1023 346 1084 sus
387 993 574 1074 omnium
612 983 860 1064 eruditorum
904 984 1013 1063 votis
1055 983 1207 1086 primas
1254 1003 1420 1064 teneant
1468 989 1511 1064 in
1558 1013 1601 1064 re
1641 986 1806 1066 libraria

278 1129 665 1233 Transalpinorum.
693 1121 871 1202 Eandem
899 1120 954 1202 ob
981 1145 1189 1210 caussam,
1217 1147 1342 1226 quum
1381 1124 1498 1230 Opus
1538 1150 1670 1204 orcum
1711 1123 1807 1202 scri·

280 1273 378 1353 bens
407 1263 714 1372 Magnitudinem
742 1287 809 1344 ete.
836 1260 944 1344 nihil
971 1261 1086 1344 aliud
1115 1259 1307 1359 vidissem
1336 1263 1386 1341 de
1422 1264 1592 1367 egregio.
1625 1262 1806 1340 Theore·

280 1429 386 1490 mate
415 1403 600 1491 οισι-ο,
628 1423 700 1482 aut
728 1401 907 1484 xszo
934 1403 1033 1484 dum
1061 1431 1089 1482 tr
1127 1423 1366 1492 evanescat,
1404 1403 1510 1491 sive,
1547 1401 1659 1508 quod
1696 1401 1806 1482 idem
1905 1431 1909 1438 ’

230 1613 234 1622 .
274 1570 360 1635 est,
398 1546 615 1632 oLoo:o,
657 1521 819 1649 praeter
856 1543 1158 1624 conclusionem
1196 1541 1385 1648 equidem
1424 1539 1743 1646 perfunctoriam
1782 1569 1807 1622 a
1873 1627 1875 1632 ,

276 1683 490 1776 Leonatdo
517 1680 666 1764 Eulero
694 1679 887 1796 traditam
916 1681 962 1760 in
997 1681 1114 1763 Parte
1143 1681 1191 1759 1².
1226 1679 1558 1760 Miscelloueorunr
1594 1677 1809 1760 Berolinen-

276 1826 376 1904 tium
426 1820 766 1902 continuationis
815 1819 922 1900 VI²⁸.
970 1847 1041 1902 scu
1086 1819 1325 1903 Voluminis
1374 1813 1504 1898 Vllml.
1549 1819 1662 1897 edita
1699 1845 1807 1898 anno

157 2021 162 2030 ·
277 1953 802 2066 M.DCC.XL111³⁰.(pag².
836 1966 1194 2070 montaragon
1222 1983 1278 2037 est
1318 1959 1529 2068 infinitum,
1568 1981 1692 2036 tomen
1730 1962 1810 2036 einr

279 2099 531 2208 logorirltmus
575 2101 627 2182 lx
655 2127 707 2182 est
737 2129 786 2182 ex
814 2101 971 2182 minimo
998 2105 1230 2212 irrfinimrum
1259 2095 1412 2188 ordine,
1452 2093 1606 2206 hincque
1633 2099 1684 2200 fir
1722 2099 1811 2175 olx

276 2244 404 2338 =0),
432 2237 513 2320 hoe
541 2263 823 2346 argumentum
852 2242 1028 2320 tractavi
1058 2241 1102 2320 in
1130 2234 1262 2321 amul.
1284 2237 1371 2318 128.
1400 2261 1488 2341 129.
1510 2261 1558 2320 ac
1582 2229 1694 2342 pag³’.
1723 2239 1808 2315 roo.

280 2377 346 2452 68.
373 2375 539 2478 Capitis
566 2373 651 2452 ΙΨ.
678 2379 837 2452 nescius
863 2377 1055 2456 Eulerum
1085 2379 1218 2478 ipsum
1247 2378 1365 2474 longe
1404 2371 1532 2452 fusius
1570 2395 1692 2476 atque
1730 2375 1810 2452 uti-

282 2509 361 2588 lius
389 2533 475 2588 rem
504 2533 665 2588 omnem
694 2536 718 2588 a
747 2505 1022 2607 fundamentis
1051 2507 1243 2584 extulisse
1271 2505 1315 2582 in
1339 2507 1576 2610 ¹pereximia
1614 2510 1811 2585 Disserta-

278 2643 392 2726 tione
423 2639 551 2719 Partis
579 2639 726 2744 prioris
754 2637 938 2712 Actorum
964 2635 1193 2714 Academiae
1229 2637 1538 2740 Perropolitanoe
1563 2639 1811 2724 Scientr'orum

278 2805 354 2890 pro
378 2771 955 2859 anno-M.DCC.LXXV111'⁰.
976 2771 1075 2852 edit.
1102 2771 1459 2856 Mmccnxxx.
1483 2776 1501 2876 (
1514 2802 1538 2856 a
1557 2788 1664 2884 pag².
1689 2777 1810 2862 102⁶&

281 2917 488 3024 usquead
524 2914 717 3012 118'²¹²¹.),
746 2941 850 3018 quae
877 2911 1122 2994 Dissertatio
1160 2913 1329 3026 titulum
1369 2914 1494 2994 habet
1532 2913 1595 2996 De
1633 2919 1812 3025 infinities

281 3061 442 3166 infinitis
469 3055 651 3165 gradibus
682 3079 762 3133 ram
787 3052 1212 3162 r'rrfinitekrnagnorum,
1250 3081 1364 3162 quom
1397 3056 1810 3162 infinite-porcorum.

283 3199 492 3303 Quantum
521 3197 622 3278 haec
651 3191 840 3275 doctrina
868 3189 1088 3310 profecerit
1115 3220 1139 3272 a
1167 3190 1361 3272 Guidone
1390 3191 1583 3284 Grande,
1618 3200 1690 3300 qui
1728 3227 1812 3282 sae·

282 3339 375 3418 culo
404 3339 493 3444 ipso
523 3337 688 3416 ineunte
717 3329 1005 3430 (M.DCC.X.)
1033 3332 1198 3438 scripsit
1227 3331 1418 3438 Opellam
1447 3319 1542 3414 curn
1576 3335 1702 3416 titulo
1734 3339 1810 3419 Di-

282 3479 459 3584 squisi'tio
485 3474 716 3554 Geometrico
736 3471 781 3552 de
802 3475 960 3582 infinitis
988 3472 1218 3580 infinitorum
1246 3495 1281 3550 et
1309 3473 1451 3579 infinite
1473 3502 1683 3580 parvorum
1711 3479 1813 3560 ordi-

287 3618 425 3700 nibus,
464 3611 514 3689 ad
550 3613 742 3690 Eulerum
780 3595 1017 3717 usque‚'nc
1053 3611 1186 3692 verbis
1225 3611 1394 3719 quidem
1432 3616 1608 3720 exprimi
1648 3639 1809 3724 potest.

287 3749 514 3830 Nonnullis
544 3745 712 3826 fortasse
740 3749 907 3832 obscura
936 3751 1024 3831 visa
1052 3775 1146 3834 sunt
1180 3777 1284 3860 quae
1320 3751 1371 3834 dc
1410 3752 1652 3862 Hyperbola
1685 3756 1826 3838 adno··

282 3889 371 3972 tavi
402 3889 463 3968 uti
493 3879 737 3965 Conchoi'de
766 3885 981 3996 Trianguli
1011 3891 1056 3968 in
1084 3891 1364 4000 Prolegonrenis
1394 3915 1516 3975 antea
1535 3893 1659 3977 dictis
1677 3895 1811 4002 (page

283 4025 550 4120 XXXIII‘².),
580 4026 905 4130 proptereaquod
934 4029 1221 4134 Propertionis
1249 4034 1530 4137 interpunctio
1565 4033 1810 4138 proprietati

284 4163 547 4272 Hyperbolae
576 4188 658 4242 non
687 4186 843 4269 semper
871 4167 1109 4269 respondeat
1138 4169 1181 4250 iu
1209 4141 1326 4250 versu
1349 4168 1439 4245 26³⁹.
1461 4168 1556 4246 Hoc
1577 4189 1713 4252 autem
1737 4175 1808 4282 qui

284 4305 465 4421 dixerint
492 4299 762 4410 aequalitatem
796 4301 1084 4408 perturbatam,
1120 4332 1224 4410 quae
1262 4297 1414 4408 iliidem
1451 4330 1695 4414 punctorum
1730 4339 1809 4422 ope

286 4441 510 4530 indicatur,
531 4465 610 4520 non
632 4439 965 4532 animadvertisse
993 4443 1249 4523 viderentur.
1269 4443 1419 4526 Eadem
1441 4446 1708 4556 Prolegonreno
1730 4481 1810 4537 una

282 4601 380 4658 cum
407 4578 643 4658 Alemberto
671 4579 893 4661 decernunt
923 4582 1292 4688 (pagaxxxvr.
1321 4610 1363 4667 et
1391 4585 1527 4692 seqq.)
1568 4591 1808 4674 relationem
1907 4603 1913 4614 '

283 4716 588 4824 Exponentium
616 4716 786 4800 duarum
813 4725 1050 4828 quatumvis
1080 4725 1297 4804 Rationum
1327 4747 1417 4806 toto
1455 4725 1570 4806 caelo
1606 4728 1809 4810 diversam
1881 4783 1883 4789 -

283 4875 423 4996 essexa
449 4855 646 4938 relatione
680 4859 1037 4965 Logatithmorum
1065 4863 1237 4946 duorum
1265 4861 1635 4952 antecedentium,
1664 4868 1697 4942 ri
1736 4865 1813 4944 Ra-

1622 5019 1754 5080 tiones
