4566 6152
744 453 746 456 ,
1692 397 1766 460 run

290 513 475 606 l'erellio
507 511 732 630 loquentes
757 511 1049 623 aliquoe'ante
1078 535 1211 596 annos
1241 508 1327 598 vita
1353 499 1532 620 functo,
1563 543 1732 608 necnon
1764 522 1819 612 de

235 739 241 750 .
293 694 372 754 usu
406 661 649 782 Logistioae
681 661 727 746 in
761 657 926 750 theoria
953 683 999 745 et
1028 655 1147 770 praxi
1179 661 1545 768 sonorum,bre'vi
1564 657 1823 782 prodibunt.

292 809 451 930 Neque
483 808 681 926 imparati
710 805 813 894 adeo
843 828 944 894 sunt
974 801 1204 894 Tractatus
1235 807 1323 898 duo
1354 808 1631 904 de'Cochlea
1651 839 1697 906 et
1726 813 1823 906 fun·

292 961 507 1054 damantis
537 951 831 1058 Machanices,
863 951 1126 1044 ut'solemni
1157 949 1447 1044 litteratorum
1478 957 1565 1049 ritu
1604 961 1713 1053 mihi
1743 961 1823 1056 ho·

293 1112 366 1198 die
398 1105 601 1223 spondere
631 1103 816 1193 vetitum
849 1100 899 1192 srr
928 1099 1182 1220 quantocius
1215 1099 1267 1192 ad
1309 1089 1450 1200 linem¹
1487 1085 1621 1224 usque
1664 1113 1819 1226 perdo·

296 1281 489 1358 crurum,
517 1250 758 1348 dummodo
789 1275 833 1342 et
862 1251 1002 1342 otium
1034 1256 1231 1371 suppetat
1253 1275 1298 1342 et
1320 1251 1494 1344 infirma
1522 1252 1696 1352 idfrnat
1718 1289 1824 1356 ocu·

291 1404 433 1490 lorum
464 1400 528 1490 vis
559 1398 607 1490 in
636 1401 846 1494 diuturno
876 1399 1156 1518 Reipublicae
1185 1400 1364 1494 servitio
1395 1431 1598 1522 perquam
1631 1410 1821 1502 maxime

164 1613 167 1620 ,
291 1548 529 1640 debilitata.
566 1550 797 1643 Adcedent
828 1576 1027 1666 excerpta
1058 1551 1401 1642 Praelectionum
1434 1552 1823 1667 Academicorum,

292 1697 562 1816 analectaque¹
599 1699 776 1792 demum
807 1679 860 1790 ad
882 1695 1487 1817 ,Phylen-mathematicam
1530 1703 1819 1818 pertinentia,

291 1877 476 1966 quorum
509 1847 739 1966 postrema,
771 1874 865 1940 tum
895 1849 993 1966 quia
1025 1877 1190 1940 errores
1221 1845 1444 1954 inlustrem
1475 1848 1736 1966 grariffimos
1765 1851 1821 1944 de

290 2025 336 2088 re
366 1999 614 2116 praesertim
644 1999 932 2094 aedificatoria
962 2027 1008 2093 et
1038 2000 1230 2118 aquaria,
1260 1997 1307 2088 in
1339 2025 1448 2115 quos
1477 1998 1580 2114 lapsi
1612 2023 1713 2089 sunt
1743 2027 1833 2091 ne··.

290 2145 380 2238 seio
411 2179 499 2266 quo
530 2146 643 2244 faro,
674 2181 817 2270 quove
847 2152 948 2244 artis
980 2150 1188 2242 miraculo
1219 2146 1420 2240 homines
1453 2145 1608 2239 eruditi
1629 2145 1724 2266 (34)
1747 2169 1823 2240 aut

289 2295 443 2385 saltem
473 2300 665 2389 maximo
694 2303 741 2390 in
772 2303 913 2418 pretio
943 2299 1078 2391 habiti
1109 2297 1230 2415 (35),
1259 2323 1355 2392 tum
1385 2297 1485 2416 quia
1514 2321 1668 2416 pacato
1710 2324 1821 2388 sere·

295 2467 438 2552 noque
470 2445 618 2544 vultu,
650 2468 698 2530 ut
728 2445 1034 2555 philosophum
1064 2445 1219 2542 decet,
1261 2445 1454 2528 veritatis
1496 2443 1681 2534 hostium
1722 2439 1822 2530 inli-

232 2651 237 2660 .
291 2581 380 2668 dias
413 2581 613 2695 repellere
644 2583 979 2666 molestiffimum
1011 2585 1263 2691 plerumque
1285 2579 1359 2683 lit,
1377 2583 1641 2694 probatiores
1661 2611 1707 2676 et
1725 2615 1821 2679 cor·

292 2726 381 2820 dati
414 2727 493 2816 viri
528 2727 595 2816 vel
626 2755 696 2818 me
727 2726 848 2818 senio
878 2719 1129 2816 confectum
1160 2723 1207 2814 in
1239 2722 1392 2844 vulgus
1424 2727 1573 2834 edere,
1617 2729 1686 2818 vel
1719 2713 1824 2823 amiss

292 2876 353 2966 cis
385 2907 438 2966 ex
470 2877 723 2969 testamento
754 2861 1058 2968 commendare
1088 2871 1321 2966 hortatum.
1340 2873 1650 2996 consiliumque
1672 2878 1822 2974 huma*

294 3025 458 3117 nissrme
490 3028 772 3142 praebuerunt
804 3027 919 3146 (36).
952 3023 1081 3140 Quod
1111 3024 1146 3111 si
1184 3021 1384 3132 fecerim,
1426 3051 1470 3117 et
1512 3026 1728 3146 impavide
1758 3024 1821 3122 fe·

294 3175 429 3264 cerim
461 3176 715 3294 aliquando,
746 3178 972 3268 veritatem
1010 3169 1194 3266 obtestor
1225 3171 1335 3262 nihil
1367 3172 1482 3264 aliud
1512 3201 1678 3293 praeter
1707 3207 1826 3273 amo·

296 3353 387 3416 reor
412 3325 596 3416 'Patriae
638 3323 1014 3442 praesentiffimum
1065 3321 1341 3430 habiturum,
1384 3353 1439 3412 ne
1490 3321 1603 3416 forte
1644 3326 1823 3437 omnia,

294 3501 401 3588 quae
445 3473 501 3560 ab
527 3474 644 3564 ltalia
667 3472 754 3588 ¹hac
786 3471 1032 3592 tempestate
1073 3473 1118 3560 in
1150 3470 1271 3560 ltalia
1299 3471 1542 3562 scribuntur
1574 3498 1647 3562 aut
1678 3473 1820 3579 fiunt,

295 3622 326 3706 ii
358 3621 434 3734 qui
477 3621 586 3712 ultra
628 3623 772 3738 Alpes,
803 3649 850 3714 et
889 3619 1012 3712 Mare
1052 3603 1215 3740 degunt
1249 3619 1365 3711 Italis
1395 3619 1597 3710 omnibus
1627 3617 1823 3736 placuille

295 3767 556 3860 arbitrentur
588 3765 703 3884 (37).

412 3913 512 4006 Fuit
544 3915 648 4006 haee
679 3911 911 4008 studiorum
932 3948 1142 4014 ¹meorum
1171 3919 1306 4028 ratio,
1335 3916 1381 4007 hi
1402 3913 1563 4010 fruetus
1582 3943 1681 4008 sont
1704 3915 1822 4033 (38),

293 4067 402 4158 haec
433 4091 538 4156 vota
568 4089 615 4156 et
644 4060 846 4182 promissa
874 4069 1097 4160 solvenda.
1131 4069 1204 4162 Sin
1228 4073 1380 4158 'autem
1412 4097 1493 4156 nec
1523 4061 1694 4154 honesta
1722 4093 1822 4180 pau·

293 4239 434 4333 pertas
465 4210 759 4329 prohibuerit,
788 4241 869 4300 nec
899 4233 1018 4328 spem
1049 4211 1249 4306 fefellerit
1280 4221 1451 4329 optatus
1481 4211 1588 4317 diu,
1628 4209 1700 4300 red
1735 4213 1824 4323 ,ite-

294 4362 667 4480 rumiterumque
698 4357 958 4450 intermissus
998 4361 1169 4453 divinae
1211 4357 1393 4452 Palladis
1434 4361 1597 4468 cultos,
1639 4357 1820 4452 confido

297 4511 445 4600 omnia
477 4491 582 4602 haee
612 4507 902 4602 amoeniffima
944 4509 1166 4602 celerrime
1196 4535 1245 4598 ac
1275 4533 1438 4626 praeter
1479 4509 1822 4626 expectationem

294 4657 613 4751 absoluturum.
639 4658 892 4754 Praesertim
911 4657 941 4750 sr
960 4659 1154 4752 laborum
1173 4655 1388 4748 molestiae
1405 4635 1686 4749 sublevandae
1704 4655 1821 4746 adiu·

284 4801 410 4903 'tores
441 4833 515 4900 eos
544 4807 897 4930 impetraverim,
926 4839 1112 4932 quorum
1141 4804 1498 4909 consuetudinem
1528 4831 1573 4904 et
1602 4797 1821 4898 fmriliari·

1621 4973 1758 5042 tatem
