4506 6136
562 421 587 482 a
594 423 647 508 30

546 535 793 597 determinatur.
812 531 937 598 Etenim
955 530 981 594 si
1000 549 1019 594 a
1038 531 1110 596 elma
1127 541 1244 613 puncto
1262 521 1297 591 l(
1310 525 1349 592 ad
1375 515 1670 592 circumferentiam
1686 525 1843 607 genitoris
1858 529 2030 604 emittatur

543 657 674 720 tangens
693 641 763 710 Ka,
783 653 816 700 et
835 657 890 717 per
910 640 933 702 S
950 653 1089 701 transeat
1106 637 1262 700 ordinata
1279 637 1403 698 Curvae
1421 633 1491 705 ST,
1507 647 1661 712 punctum
1680 633 1756 696 eius·
1767 651 1948 705 extremum
1966 649 2029 711 erit

307 737 333 779 Ὗ
536 748 638 824 flexas
667 745 842 822 quaesitus,
863 746 896 805 in
914 763 978 823 qun
995 746 1173 806 concavitas
1191 735 1383 803 conieritari
1401 739 1525 809 subest,
1543 753 1641 816 atque
1659 739 1820 804 vicissim.
1846 745 1931 810 Nam
1961 767 2029 813 tarr.

542 867 617 930 gens
635 851 668 910 in
689 847 735 922 T,
753 847 874 929 eoquod
893 851 1160 930 perpendicularis
1177 865 1284 910 rectae
1302 845 1354 908 lis
1373 863 1411 907 ex
1428 845 1651 922 praeostensis.
1674 847 1826 925 parallela
1844 851 1906 914 crit
1925 851 2028 918 Radia

543 957 593 1018 OS
607 1000 614 1014 .
634 957 738 1034 Quum
758 971 864 1017 autem
882 957 1086 1037 angulorum.
1106 974 1184 1035 quos
1203 955 1348 1017 decantes
1364 951 1548 1012 innumerae
1568 943 1708 1012 efficiunt
1726 951 1760 1012 ist
1780 951 1814 1014 K
1840 973 1914 1018 cum
1942 961 2025 1032 Axe.
2075 975 2076 980 ’

542 1065 691 1125 marinas
710 1064 752 1124 sit
771 1061 849 1126 BKS
867 1083 904 1125 ex
923 1065 1043 1126 circuli
1062 1079 1195 1133 natura,
1212 1077 1341 1140 tangens
1360 1053 1523 1140 praedicta
1550 1057 1704 1118 saluimum
1735 1059 1925 1140 angulorum
1954 1081 2026 1152 curn

545 1169 614 1248 ipso
631 1171 698 1230 Axe
718 1167 883 1242 conficiet,
900 1185 934 1232 et
952 1169 1069 1236 idcirco
1099 1167 1206 1230 existit
1232 1167 1266 1228 ia
1293 1180 1409 1247 puncto
1430 1163 1788 1240 Talassus-coartamur.
1810 1165 1884 1226 Duo
1913 1184 2028 1246 puncta

548 1319 594 1392 T,
610 1319 640 1381 T
657 1323 689 1382 in
707 1293 797 1400 Figf'.
834 1292 972 1390 11m³.ac
995 1298 1077 1384 ram.
1104 1337 1143 1382 eo
1171 1319 1297 1399 propius
1323 1315 1488 1380 ordinatis
1513 1315 1577 1376 suis
1606 1313 1760 1377 adcedent
1778 1315 1816 1376 ad
1834 1331 1983 1380 centrum
2002 1322 2027 1383 0

549 1428 700 1505 genitoris
721 1427 879 1505 (ideoque
899 1426 988 1488 etad
1008 1425 1160 1488 verticem
1185 1423 1308 1485 Curvae
1334 1419 1383 1497 Β)
1412 1439 1475 1501 quo
1494 1420 1593 1500 magis
1611 1433 1799 1492 cameratae,
1816 1435 2025 1499 pertractatae

544 1530 707 1609 Cycloides
735 1531 874 1599 fuerint.
903 1530 955 1592 sed
984 1545 1144 1608 nunquam
1171 1543 1282 1589 cantro
1312 1525 1561 1605 respondebunt.
1581 1523 1664 1602 quod
1695 1524 1762 1586 iure
1779 1525 1893 1587 dixeris
1919 1523 2050 1590 adera·

542 1631 666 1692 sionum
684 1645 899 1708 asymptoton.
922 1631 1035 1690 Secans
1052 1629 1211 1707 quaelibet
1229 1645 1284 1706 per
1302 1647 1452 1708 punctum
1472 1629 1504 1692 Il
1518 1631 1613 1692 ducta
1630 1629 1693 1691 duo
1711 1645 1828 1693 statuet
1856 1649 1976 1710 puncta
1991 1636 2023 1696 in

543 1733 671 1798 circulo
689 1736 833 1812 genitore
851 1734 898 1804 E,
911 1731 968 1804 Er,
987 1749 1042 1812 per
1059 1749 1140 1812 quae
1159 1747 1355 1794 transeuntes
1375 1735 1548 1798 Ordinatae
1568 1751 1738 1798 occurrent
1765 1736 1907 1807 Curvae,
1937 1753 2022 1816 supe·

542 1844 609 1903 rius
628 1859 803 1911 concavae,
819 1839 953 1902 inferius
970 1857 1127 1901 convexae
1146 1857 1252 1902 verme
1268 1839 1390 1912 Barim,
1403 1841 1456 1904 red
1475 1843 1509 1903 in
1526 1840 1706 1904 huiusmodi
1723 1842 1869 1920 punctis,
1883 1858 1921 1904 ut
1936 1842 2022 1904 euris·

485 1969 488 1978 ·
544 1965 595 2008 sae
614 1962 775 2036 tangentes
793 1945 856 2006 sint
874 1943 1116 2022 aequidistantes
1134 1945 1218 2006 inter
1235 1962 1285 2016 se,
1304 1947 1355 2008 vel
1374 1949 1548 2028 aequaliter
1567 1947 1648 2018 Axi.
1673 1948 1804 2025 Basique
1838 1947 2018 2008 inclinatae.
2055 2027 2058 2032 Ι

547 2052 667 2112 Cuncta
699 2050 800 2120 haec,
828 2049 979 2128 pluraque
997 2048 1060 2110 alia
1078 2069 1096 2110 a
1115 2067 1165 2110 me
1183 2053 1402 2128 praetermissa
1421 2055 1496 2114 satis
1515 2069 1587 2114 sunt
1613 2051 1653 2114 ad
1671 2051 1947 2134 demonstrandum
1965 2070 2021 2112 non
2045 2071 2048 2077 ·

545 2157 733 2234 denegatum
752 2156 793 2216 iri
811 2155 1011 2216 Geometrioe
1029 2154 1214 2238 elementari
1232 2155 1391 2218 adeersum
1411 2157 1450 2218 ad
1467 2157 1650 2220 sublimiora
1665 2155 2021 2220 doctrinacCurvarum.

507 2337 512 2343 Ι
545 2259 581 2322 ld
598 2261 739 2338 saepius,
759 2275 792 2322 et
811 2259 898 2320 bonis
916 2259 1026 2322 avibus
1045 2259 1173 2322 molitus
1192 2279 1262 2324 sum
1281 2263 1314 2324 in
1333 2261 1629 2342 Disquisitionibus,
1660 2279 1737 2340 quas
1767 2261 1868 2324 adhue
1895 2263 2021 2324 ineditas

547 2431 658 2484 servo,
678 2411 960 2492 exemplaqucalia
979 2411 1144 2473 subiiciam
1162 2413 1262 2475 oculis
1280 2414 1312 2474 in
1331 2397 1408 2478 m'².
1429 2389 1596 2478 sectione.

510 2519 574 2600 (49)
586 2497 590 2506 ’
601 2517 791 2582 Theorerna
809 2519 906 2598 igitur
921 2518 1023 2578 statui
1042 2519 1160 2596 poterit
1180 2510 1262 2580 lraud
1281 2517 1437 2600 inelegans
1455 2524 1482 2592 ,.'
1496 2505 1672 2584 Perimeter
1689 2519 1850 2596 cycloidis
1867 2519 2027 2598 primariae

511 2683 519 2694 .
546 2625 589 2693 ecl
606 2637 694 2694 auam
713 2625 940 2690 castraretur
958 2623 1132 2686 retinerer
1150 2623 1302 2702 Quadrati
1322 2625 1424 2686 cuivis
1442 2626 1570 2688 Cit'culo
1588 2627 1817 2706 circumscripti
1837 2625 1878 2688 ad
1910 2624 2030 2687 circuli

512 2773 518 2782 ·
546 2733 694 2811 inseripti
711 2729 1009 2814 circumferentiam
1028 2769 1065 2800 ,..
1086 2727 1188 2806 Quam
1206 2745 1314 2790 autem
1332 2729 1497 2793 fastidiosa
1513 2733 1733 2810 elaborataque
1763 2731 1900 2792 mnrium
1926 2731 1969 2792 sit
1991 2727 2027 2788 in

468 2875 469 2879 =
547 2837 709 2904 communi
736 2835 886 2898 methodo
915 2833 1160 2896 Geometrarum
1187 2837 1361 2912 recollectio
1391 2837 1483 2900 unius
1510 2840 1671 2916 primitiae
1697 2835 1855 2915 cycloidis
1886 2833 1960 2896 vide
1989 2833 2024 2894 iu

512 3021 515 3030 ,
548 2957 669 3052 Num¹⁸.
692 2971 755 3049 12⁵.
773 3001 810 3048 ac
833 2955 899 3064 13⁵⁰.
920 2983 959 3045 ad
978 2967 1074 3062 μί’.
1099 2983 1163 3046 182.
1184 2985 1248 3064 183.
1272 2985 1335 3064 184.
1349 2989 1516 3068 praecitati
1531 2989 1669 3070 opusculi
1682 2983 1945 3060 Bosrovichii,d'e
1962 2999 2025 3066 quo

552 3101 724 3203 martiriali
735 3135 876 3214 loquitur
895 3121 968 3214 44‘⁸.
988 3132 1153 3199 Montana
1183 3097 1303 3201 in11d⁰.
1324 3139 1493 3206 Voluminc
1513 3141 1659 3220 Historiae
1677 3139 1847 3206 Matlteseoa
1868 3138 1908 3202 ad
1921 3111 2024 3220 pagm.

554 3273 656 3374 59⁰³m.
676 3301 734 3371 pro
753 3289 947 3368 recentiam
967 3290 1153 3352 omnimodis
1173 3312 1192 3354 a
1211 3291 1336 3356 Circulo
1356 3296 1468 3374 genitis
1488 3277 1688 3376 Cycloididus
1706 3314 1764 3374 ope
1796 3293 1962 3370 Ellipsium
1990 3287 2027 3350 ad

551 3397 711 3460 Calculum
730 3395 904 3474 integralem
923 3395 1093 3476 confugere
1112 3395 1277 3462 Lectorem
1297 3419 1443 3480 exoptat,
1461 3420 1499 3463 ut
1517 3424 1535 3464 a
1554 3403 1694 3465 Pascalio
1715 3397 1831 3461 tradita
1855 3397 2026 3478 intelligat,
2081 3469 2083 3474 ,

553 3502 734 3566 severitati
751 3517 885 3565 consona
905 3519 969 3564 esse
988 3503 1048 3564 sibi
1067 3503 1212 3565 suadeat.
1233 3505 1278 3566 On
1300 3507 1449 3581 dismanare
1458 3506 1636 3583 fisce'lement
1654 3527 1686 3570 ce
1707 3519 1825 3584 rapport
1842 3505 1895 3565 des
1915 3499 2028 3564 casales

548 3610 729 3690 cycloidales
752 3627 825 3671 aare
848 3603 975 3685 lellipse
992 3609 1095 3686 pisale
1123 3627 1223 3685 moyes
1251 3609 1293 3672 da
1321 3613 1426 3690 calcal
1447 3613 1597 3690 integral.
1620 3611 1683 3674 Cor
1706 3607 1878 3690 lexpreffion
1900 3603 2028 3684 diffitea-

549 3719 591 3779 tr'e
593 3717 633 3776 lle
653 3735 690 3776 oss
709 3714 745 3775 de
767 3711 914 3776 lele'ment
931 3713 968 3776 de
990 3723 1068 3776 cette
1085 3713 1209 3783 erutae.
1234 3729 1281 3778 est
1305 3717 1489 3780 absolameae
1511 3717 1670 3780 semblable
1695 3717 1807 3779 deells
1826 3716 1863 3776 de
1887 3711 2029 3776 l’e'lemert

549 3821 587 3882 dc
605 3815 629 3880 l’
639 3839 692 3882 avc
710 3819 881 3896 elllptiqae.
908 3799 1039 3897 tigerus
1061 3797 1309 3896 experimentum
1335 3822 1523 3886 facillimum
1547 3824 1712 3904 quidem.
1712 3821 1798 3884 Nam
1825 3818 2030 3882 numeratisa

553 3925 673 3985 vertice
693 3923 725 3983 in
743 3923 810 3984 Aac
831 3907 1008 4000 Cycloidis,'
1025 3923 1080 4001 qui
1099 3921 1140 3984 sit
1157 3931 1245 3994 za,
1261 3925 1429 3997 Abscissis.
1449 3921 2030 4010 vocatoquemexponrnterationisirr·

554 4043 603 4092 ter
621 4027 712 4092 Basin
732 4040 764 4089 et
782 4011 902 4091 circuli
921 4029 1072 4110 genitoris
1091 4011 1305 4103 Periphcriam'
1324 4031 1575 4108 suppositam:
1587 4041 1620 4099 1,
1648 4027 1807 4109 Aequatio
1836 4025 1958 4087 Curvae
1984 4034 2030 4082 est

516 4124 522 4138 Ι
550 4137 763 4246 rzlax-
676 4117 1387 4258 ax÷m(Arc.(Shtm))‚
1419 4133 2028 4243 erquasuboriturtlam-raf-
1989 4195 2029 4212 .-

687 4333 912 4421 νυνι-ΗΥ

685 4415 1041 4468 -ι-...ῃ-...Μ
1126 4435 1158 4446 ,.

552 4489 614 4552 ‘³³⁶-
1037 4508 1167 4572 ailoe
1196 4475 1303 4575 autem
1332 4503 1572 4578 Differentiale,
1599 4501 1676 4568 dum
1705 4499 1759 4566 liat
1787 4515 1859 4564 rt·-

673 4559 931 4654 tsra-
829 4610 918 4654 —xa
1013 4625 1077 4676 ,-

564 4693 882 4866 ’ἒξ-(ιη-ῐ-ιΫ-τ,

553 4873 906 4964 Ὺ.
937 4848 1026 4911 illico
1056 4847 1219 4912 vertitur
1229 4857 1261 4916 in
1279 4847 1513 4915 'Differemiale
1548 4848 1641 4913 huius
1674 4845 1797 4914 formae
