<?xml version="1.0" encoding="UTF-8"?>
<!DOCTYPE html PUBLIC "-//W3C//DTD XHTML 1.0 Transitional//EN"
    "http://www.w3.org/TR/xhtml1/DTD/xhtml1-transitional.dtd">
<html xmlns="http://www.w3.org/1999/xhtml" xml:lang="en" lang="en">
 <head>
  <title>
</title>
<meta http-equiv="Content-Type" content="text/html;charset=utf-8" />
  <meta name='ocr-system' content='tesseract 3.04.00' />
  <meta name='ocr-capabilities' content='ocr_page ocr_carea ocr_par ocr_line ocrx_word'/>
</head>
<body>
  <div class='ocr_page' id='page_1' title='image "./decalcvlointegr00ferrgoog_0021.png"; bbox 0 0 4566 6152; ppageno 0'>
   <div class='ocr_carea' id='block_1_1' title="bbox 453 469 2114 2488">
    <p class='ocr_par' dir='ltr' id='par_1_1' title="bbox 453 469 2114 2488">
     <span class='ocr_line' id='line_1_1' title="bbox 517 469 588 526; baseline -0.028 0"><span class='ocrx_word' id='word_1_1' title='bbox 517 469 588 526; x_wconf 80' lang='lat' dir='ltr'>xlv</span> 
     </span>
     <span class='ocr_line' id='line_1_2' title="bbox 462 571 1987 708; baseline 0.002 -32"><span class='ocrx_word' id='word_1_2' title='bbox 462 612 598 678; x_wconf 90' lang='lat' dir='ltr'>tatem</span> <span class='ocrx_word' id='word_1_3' title='bbox 629 582 888 701; x_wconf 90' lang='lat' dir='ltr'>ubicumque</span> <span class='ocrx_word' id='word_1_4' title='bbox 918 577 1028 672; x_wconf 88' lang='lat' dir='ltr'>mihi</span> <span class='ocrx_word' id='word_1_5' title='bbox 1059 601 1296 700; x_wconf 72' lang='lat' dir='ltr'>pergratam</span> <span class='ocrx_word' id='word_1_6' title='bbox 1319 575 1438 672; x_wconf 90' lang='lat' dir='ltr'>fuille</span> <span class='ocrx_word' id='word_1_7' title='bbox 1460 587 1668 678; x_wconf 90' lang='lat' dir='ltr'>memoria</span> <span class='ocrx_word' id='word_1_8' title='bbox 1689 571 1987 708; x_wconf 74' lang='lat' dir='ltr'>repeto,&#39;quos</span> 
     </span>
     <span class='ocr_line' id='line_1_3' title="bbox 461 729 1988 852; baseline -0.002 -24"><span class='ocrx_word' id='word_1_9' title='bbox 461 735 599 842; x_wconf 79' lang='lat' dir='ltr'>inter,</span> <span class='ocrx_word' id='word_1_10' title='bbox 627 757 702 827; x_wconf 91' lang='lat' dir='ltr'>aut</span> <span class='ocrx_word' id='word_1_11' title='bbox 731 729 895 850; x_wconf 90' lang='lat' dir='ltr'>ingenii</span> <span class='ocrx_word' id='word_1_12' title='bbox 926 729 1062 822; x_wconf 80' lang='lat' dir='ltr'><strong>aciem</strong></span> <span class='ocrx_word' id='word_1_13' title='bbox 1091 755 1284 850; x_wconf 90' lang='lat' dir='ltr'>spectes,</span> <span class='ocrx_word' id='word_1_14' title='bbox 1320 753 1395 822; x_wconf 87' lang='lat' dir='ltr'>aut</span> <span class='ocrx_word' id='word_1_15' title='bbox 1435 733 1692 852; x_wconf 82' lang='lat' dir='ltr'>omnigenae</span> <span class='ocrx_word' id='word_1_16' title='bbox 1732 737 1988 830; x_wconf 90' lang='lat' dir='ltr'>eruditionis</span> 
     </span>
     <span class='ocr_line' id='line_1_4' title="bbox 459 876 1991 1004; baseline -0.001 -29"><span class='ocrx_word' id='word_1_17' title='bbox 459 885 665 1001; x_wconf 86' lang='lat' dir='ltr'>copiam,</span> <span class='ocrx_word' id='word_1_18' title='bbox 696 904 770 973; x_wconf 92' lang='lat' dir='ltr'>aut</span> <span class='ocrx_word' id='word_1_19' title='bbox 798 876 975 970; x_wconf 86' lang='lat' dir='ltr'>eximias</span> <span class='ocrx_word' id='word_1_20' title='bbox 1005 877 1138 968; x_wconf 91' lang='lat' dir='ltr'>animi</span> <span class='ocrx_word' id='word_1_21' title='bbox 1167 878 1317 984; x_wconf 89' lang='lat' dir='ltr'>dotes,</span> <span class='ocrx_word' id='word_1_22' title='bbox 1345 877 1523 968; x_wconf 87' lang='lat' dir='ltr'>maximi</span> <span class='ocrx_word' id='word_1_23' title='bbox 1554 880 1664 974; x_wconf 86' lang='lat' dir='ltr'>facio</span> <span class='ocrx_word' id='word_1_24' title='bbox 1685 885 1904 1004; x_wconf 81' lang='lat' dir='ltr'><strong>Angelum</strong></span> <span class='ocrx_word' id='word_1_25' title='bbox 1937 883 1991 974; x_wconf 93' lang='lat' dir='ltr'>de</span> 
     </span>
     <span class='ocr_line' id='line_1_5' title="bbox 462 1025 1989 1164; baseline 0.003 -45"><span class='ocrx_word' id='word_1_26' title='bbox 462 1031 677 1128; x_wconf 82' lang='lat' dir='ltr'>iudicibus</span> <span class='ocrx_word' id='word_1_27' title='bbox 708 1025 945 1122; x_wconf 79' lang='lat' dir='ltr'>Patricium</span> <span class='ocrx_word' id='word_1_28' title='bbox 974 1025 1236 1116; x_wconf 80' lang='lat' dir='ltr'>Arretinum</span> <span class='ocrx_word' id='word_1_29' title='bbox 1266 1026 1312 1118; x_wconf 92' lang='lat' dir='ltr'>in</span> <span class='ocrx_word' id='word_1_30' title='bbox 1341 1025 1488 1164; x_wconf 74' lang='lat' dir='ltr'>Patrio</span> <span class='ocrx_word' id='word_1_31' title='bbox 1517 1025 1753 1122; x_wconf 88' lang='lat' dir='ltr'>Seminario</span> <span class='ocrx_word' id='word_1_32' title='bbox 1773 1030 1989 1124; x_wconf 85' lang='lat' dir='ltr'>Mathesrn</span> 
     </span>
     <span class='ocr_line' id='line_1_6' title="bbox 453 1173 1995 1294; baseline -0.004 -18"><span class='ocrx_word' id='word_1_33' title='bbox 453 1211 566 1278; x_wconf 77' lang='lat' dir='ltr'>curn</span> <span class='ocrx_word' id='word_1_34' title='bbox 596 1177 798 1272; x_wconf 88' lang='lat' dir='ltr'>omnium</span> <span class='ocrx_word' id='word_1_35' title='bbox 830 1175 982 1294; x_wconf 88' lang='lat' dir='ltr'>plausu</span> <span class='ocrx_word' id='word_1_36' title='bbox 1010 1175 1265 1284; x_wconf 86' lang='lat' dir='ltr'>docentem,</span> <span class='ocrx_word' id='word_1_37' title='bbox 1296 1197 1341 1268; x_wconf 91' lang='lat' dir='ltr'>et</span> <span class='ocrx_word' id='word_1_38' title='bbox 1372 1173 1603 1294; x_wconf 88' lang='lat' dir='ltr'>Aloysrum</span> <span class='ocrx_word' id='word_1_39' title='bbox 1625 1173 1926 1272; x_wconf 89' lang='lat' dir='ltr'>Bombiceiutn</span> <span class='ocrx_word' id='word_1_40' title='bbox 1947 1181 1995 1270; x_wconf 91' lang='lat' dir='ltr'>in</span> 
     </span>
     <span class='ocr_line' id='line_1_7' title="bbox 463 1292 1998 1432; baseline 0.001 -14"><span class='ocrx_word' id='word_1_41' title='bbox 463 1292 713 1420; x_wconf 71' lang='lat' dir='ltr'>ilotentina</span> <span class='ocrx_word' id='word_1_42' title='bbox 754 1324 891 1418; x_wconf 87' lang='lat' dir='ltr'>Curia</span> <span class='ocrx_word' id='word_1_43' title='bbox 934 1319 1247 1432; x_wconf 81' lang='lat' dir='ltr'>Advocatum,</span> <span class='ocrx_word' id='word_1_44' title='bbox 1288 1353 1315 1414; x_wconf 88' lang='lat' dir='ltr'>a</span> <span class='ocrx_word' id='word_1_45' title='bbox 1357 1349 1506 1416; x_wconf 89' lang='lat' dir='ltr'>natura</span> <span class='ocrx_word' id='word_1_46' title='bbox 1550 1321 1673 1420; x_wconf 82' lang='lat' dir='ltr'>fimul</span> <span class='ocrx_word' id='word_1_47' title='bbox 1720 1349 1765 1416; x_wconf 87' lang='lat' dir='ltr'>et</span> <span class='ocrx_word' id='word_1_48' title='bbox 1805 1349 1896 1419; x_wconf 91' lang='lat' dir='ltr'>arte</span> <span class='ocrx_word' id='word_1_49' title='bbox 1937 1331 1998 1420; x_wconf 88' lang='lat' dir='ltr'>ita</span> 
     </span>
     <span class='ocr_line' id='line_1_8' title="bbox 465 1471 1998 1594; baseline -0.005 -22"><span class='ocrx_word' id='word_1_50' title='bbox 465 1501 722 1586; x_wconf 87' lang='lat' dir='ltr'>exornatos,</span> <span class='ocrx_word' id='word_1_51' title='bbox 753 1499 802 1568; x_wconf 89' lang='lat' dir='ltr'>ot</span> <span class='ocrx_word' id='word_1_52' title='bbox 831 1476 878 1566; x_wconf 92' lang='lat' dir='ltr'>in</span> <span class='ocrx_word' id='word_1_53' title='bbox 909 1473 1080 1594; x_wconf 87' lang='lat' dir='ltr'>publica</span> <span class='ocrx_word' id='word_1_54' title='bbox 1110 1473 1343 1574; x_wconf 85' lang='lat' dir='ltr'>commoda</span> <span class='ocrx_word' id='word_1_55' title='bbox 1373 1499 1523 1594; x_wconf 92' lang='lat' dir='ltr'>peccet</span> <span class='ocrx_word' id='word_1_56' title='bbox 1554 1471 1631 1566; x_wconf 92' lang='lat' dir='ltr'>nili</span> <span class='ocrx_word' id='word_1_57' title='bbox 1662 1473 1873 1594; x_wconf 89' lang='lat' dir='ltr'>propitior</span> <span class='ocrx_word' id='word_1_58' title='bbox 1891 1475 1998 1566; x_wconf 90' lang='lat' dir='ltr'>utri·</span> 
     </span>
     <span class='ocr_line' id='line_1_9' title="bbox 466 1620 1998 1748; baseline -0.005 -28"><span class='ocrx_word' id='word_1_59' title='bbox 466 1659 549 1748; x_wconf 91' lang='lat' dir='ltr'>que</span> <span class='ocrx_word' id='word_1_60' title='bbox 578 1627 768 1718; x_wconf 83' lang='lat' dir='ltr'>adrideat</span> <span class='ocrx_word' id='word_1_61' title='bbox 798 1621 991 1716; x_wconf 87' lang='lat' dir='ltr'>fortuna.</span> <span class='ocrx_word' id='word_1_62' title='bbox 1024 1625 1141 1716; x_wconf 92' lang='lat' dir='ltr'>Dum</span> <span class='ocrx_word' id='word_1_63' title='bbox 1175 1623 1307 1746; x_wconf 87' lang='lat' dir='ltr'>igitur</span> <span class='ocrx_word' id='word_1_64' title='bbox 1337 1647 1381 1715; x_wconf 91' lang='lat' dir='ltr'>et</span> <span class='ocrx_word' id='word_1_65' title='bbox 1411 1620 1646 1716; x_wconf 84' lang='lat' dir='ltr'>fallidiosae</span> <span class='ocrx_word' id='word_1_66' title='bbox 1674 1650 1901 1718; x_wconf 89' lang='lat' dir='ltr'>contextus</span> <span class='ocrx_word' id='word_1_67' title='bbox 1929 1649 1998 1744; x_wconf 90' lang='lat' dir='ltr'>ty·</span> 
     </span>
     <span class='ocr_line' id='line_1_10' title="bbox 467 1771 1997 1894; baseline -0.007 -26"><span class='ocrx_word' id='word_1_68' title='bbox 467 1803 709 1894; x_wconf 90' lang='lat' dir='ltr'>porumque</span> <span class='ocrx_word' id='word_1_69' title='bbox 741 1771 1023 1880; x_wconf 89' lang='lat' dir='ltr'>conlationis,</span> <span class='ocrx_word' id='word_1_70' title='bbox 1065 1799 1110 1864; x_wconf 91' lang='lat' dir='ltr'>et</span> <span class='ocrx_word' id='word_1_71' title='bbox 1140 1772 1389 1866; x_wconf 64' lang='lat' dir='ltr'>schematum</span> <span class='ocrx_word' id='word_1_72' title='bbox 1420 1803 1500 1866; x_wconf 77' lang='lat' dir='ltr'>are</span> <span class='ocrx_word' id='word_1_73' title='bbox 1531 1773 1799 1892; x_wconf 89' lang='lat' dir='ltr'>sculptorum</span> <span class='ocrx_word' id='word_1_74' title='bbox 1841 1771 1997 1878; x_wconf 88' lang='lat' dir='ltr'>taedii,</span> 
     </span>
     <span class='ocr_line' id='line_1_11' title="bbox 465 1921 1996 2042; baseline -0.004 -24"><span class='ocrx_word' id='word_1_75' title='bbox 465 1951 510 2018; x_wconf 91' lang='lat' dir='ltr'>et</span> <span class='ocrx_word' id='word_1_76' title='bbox 541 1921 717 2040; x_wconf 82' lang='lat' dir='ltr'>implexi</span> <span class='ocrx_word' id='word_1_77' title='bbox 748 1921 998 2040; x_wconf 88' lang='lat' dir='ltr'>plerumque</span> <span class='ocrx_word' id='word_1_78' title='bbox 1026 1921 1183 2012; x_wconf 89' lang='lat' dir='ltr'>calculi</span> <span class='ocrx_word' id='word_1_79' title='bbox 1213 1923 1456 2039; x_wconf 89' lang='lat' dir='ltr'>repetendi,</span> <span class='ocrx_word' id='word_1_80' title='bbox 1486 1949 1530 2016; x_wconf 91' lang='lat' dir='ltr'>er</span> <span class='ocrx_word' id='word_1_81' title='bbox 1560 1925 1879 2042; x_wconf 83' lang='lat' dir='ltr'>quamplurium</span> <span class='ocrx_word' id='word_1_82' title='bbox 1900 1922 1996 2012; x_wconf 83' lang='lat' dir='ltr'>Vo-</span> 
     </span>
     <span class='ocr_line' id='line_1_12' title="bbox 467 2068 1992 2194; baseline -0.005 -30"><span class='ocrx_word' id='word_1_83' title='bbox 467 2072 686 2164; x_wconf 88' lang='lat' dir='ltr'>luminum</span> <span class='ocrx_word' id='word_1_84' title='bbox 717 2071 770 2159; x_wconf 87' lang='lat' dir='ltr'>ad</span> <span class='ocrx_word' id='word_1_85' title='bbox 801 2068 1022 2162; x_wconf 89' lang='lat' dir='ltr'>doetrinae</span> <span class='ocrx_word' id='word_1_86' title='bbox 1051 2095 1178 2190; x_wconf 84' lang='lat' dir='ltr'>atque</span> <span class='ocrx_word' id='word_1_87' title='bbox 1207 2073 1474 2164; x_wconf 87' lang='lat' dir='ltr'>auctoritatis</span> <span class='ocrx_word' id='word_1_88' title='bbox 1491 2069 1636 2194; x_wconf 31' lang='lat' dir='ltr'>,fidem</span> <span class='ocrx_word' id='word_1_89' title='bbox 1659 2069 1992 2190; x_wconf 84' lang='lat' dir='ltr'>pervolutando·</span> 
     </span>
     <span class='ocr_line' id='line_1_13' title="bbox 466 2214 1998 2329; baseline -0.006 -15"><span class='ocrx_word' id='word_1_90' title='bbox 466 2249 564 2314; x_wconf 88' lang='lat' dir='ltr'>rum</span> <span class='ocrx_word' id='word_1_91' title='bbox 589 2243 689 2310; x_wconf 88' lang='lat' dir='ltr'>cura</span> <span class='ocrx_word' id='word_1_92' title='bbox 720 2214 848 2308; x_wconf 89' lang='lat' dir='ltr'>fuerit</span> <span class='ocrx_word' id='word_1_93' title='bbox 869 2218 1063 2310; x_wconf 84' lang='lat' dir='ltr'>alterutri</span> <span class='ocrx_word' id='word_1_94' title='bbox 1083 2217 1360 2329; x_wconf 86' lang='lat' dir='ltr'>demandata,</span> <span class='ocrx_word' id='word_1_95' title='bbox 1380 2221 1668 2313; x_wconf 87' lang='lat' dir='ltr'>additamenta</span> <span class='ocrx_word' id='word_1_96' title='bbox 1687 2249 1774 2308; x_wconf 93' lang='lat' dir='ltr'>non</span> <span class='ocrx_word' id='word_1_97' title='bbox 1793 2221 1998 2320; x_wconf 86' lang='lat' dir='ltr'>deerunt,</span> 
     </span>
     <span class='ocr_line' id='line_1_14' title="bbox 465 2366 2114 2488; baseline -0.005 -28"><span class='ocrx_word' id='word_1_98' title='bbox 465 2399 546 2460; x_wconf 85' lang='lat' dir='ltr'>nec</span> <span class='ocrx_word' id='word_1_99' title='bbox 577 2366 896 2476; x_wconf 83' lang='lat' dir='ltr'>observationes</span> <span class='ocrx_word' id='word_1_100' title='bbox 928 2368 1329 2488; x_wconf 83' lang='lat' dir='ltr'>praeceptionesque</span> <span class='ocrx_word' id='word_1_101' title='bbox 1362 2399 1500 2462; x_wconf 89' lang='lat' dir='ltr'>novae</span> <span class='ocrx_word' id='word_1_102' title='bbox 1532 2394 1633 2460; x_wconf 88' lang='lat' dir='ltr'>cum</span> <span class='ocrx_word' id='word_1_103' title='bbox 1665 2367 1717 2458; x_wconf 91' lang='lat' dir='ltr'>iis</span> <span class='ocrx_word' id='word_1_104' title='bbox 1733 2367 1999 2484; x_wconf 87' lang='lat' dir='ltr'>coniungen·</span> <span class='ocrx_word' id='word_1_105' title='bbox 2110 2457 2114 2464; x_wconf 64' lang='grc'><strong>,</strong></span> 
     </span>
    </p>
   </div>
   <div class='ocr_carea' id='block_1_2' title="bbox 465 2511 2062 2772">
    <p class='ocr_par' dir='ltr' id='par_1_2' title="bbox 465 2511 2062 2772">
     <span class='ocr_line' id='line_1_15' title="bbox 465 2511 1999 2634; baseline -0.006 -26"><span class='ocrx_word' id='word_1_106' title='bbox 465 2517 570 2622; x_wconf 72' lang='lat' dir='ltr'>dae,</span> <span class='ocrx_word' id='word_1_107' title='bbox 602 2525 761 2634; x_wconf 86' lang='lat' dir='ltr'>quac&#39;a</span> <span class='ocrx_word' id='word_1_108' title='bbox 793 2515 928 2632; x_wconf 88' lang='lat' dir='ltr'>prima</span> <span class='ocrx_word' id='word_1_109' title='bbox 959 2516 1184 2606; x_wconf 78' lang='lat' dir='ltr'>iuventute</span> <span class='ocrx_word' id='word_1_110' title='bbox 1214 2518 1381 2606; x_wconf 89' lang='lat' dir='ltr'>abunde</span> <span class='ocrx_word' id='word_1_111' title='bbox 1410 2515 1535 2621; x_wconf 89' lang='lat' dir='ltr'>satis,</span> <span class='ocrx_word' id='word_1_112' title='bbox 1568 2519 1641 2606; x_wconf 89' lang='lat' dir='ltr'>sed</span> <span class='ocrx_word' id='word_1_113' title='bbox 1674 2515 1790 2606; x_wconf 91' lang='lat' dir='ltr'>nulla</span> <span class='ocrx_word' id='word_1_114' title='bbox 1822 2511 1999 2627; x_wconf 83' lang='lat' dir='ltr'>dispost-</span> 
     </span>
     <span class='ocr_line' id='line_1_16' title="bbox 468 2655 2062 2772; baseline -0.014 -13"><span class='ocrx_word' id='word_1_115' title='bbox 468 2665 588 2758; x_wconf 86' lang='lat' dir='ltr'>tione</span> <span class='ocrx_word' id='word_1_116' title='bbox 619 2693 668 2753; x_wconf 89' lang='lat' dir='ltr'>ac</span> <span class='ocrx_word' id='word_1_117' title='bbox 699 2661 796 2750; x_wconf 87' lang='lat' dir='ltr'>sede</span> <span class='ocrx_word' id='word_1_118' title='bbox 826 2685 1022 2752; x_wconf 84' lang='lat' dir='ltr'>servata,</span> <span class='ocrx_word' id='word_1_119' title='bbox 1054 2663 1172 2738; x_wconf 76' lang='lat' dir='ltr'>nulla</span> <span class='ocrx_word' id='word_1_120' title='bbox 1200 2661 1411 2766; x_wconf 81' lang='lat' dir='ltr'>temporis</span> <span class='ocrx_word' id='word_1_121' title='bbox 1440 2661 1600 2738; x_wconf 85' lang='lat' dir='ltr'>iactura</span> <span class='ocrx_word' id='word_1_122' title='bbox 1632 2655 1764 2758; x_wconf 89' lang='lat' dir='ltr'>sacta,</span> <span class='ocrx_word' id='word_1_123' title='bbox 1793 2655 1999 2772; x_wconf 83' lang='lat' dir='ltr'>congeffi,</span> <span class='ocrx_word' id='word_1_124' title='bbox 2056 2705 2062 2718; x_wconf 84' lang='lat'><strong>·</strong></span> 
     </span>
    </p>
   </div>
   <div class='ocr_carea' id='block_1_3' title="bbox 466 2793 2000 3518">
    <p class='ocr_par' dir='ltr' id='par_1_3' title="bbox 466 2793 2000 3518">
     <span class='ocr_line' id='line_1_17' title="bbox 466 2793 1997 2918; baseline -0.005 -18"><span class='ocrx_word' id='word_1_125' title='bbox 466 2824 729 2918; x_wconf 82' lang='lat' dir='ltr'>manumque</span> <span class='ocrx_word' id='word_1_126' title='bbox 759 2798 858 2888; x_wconf 89' lang='lat' dir='ltr'>ideo</span> <span class='ocrx_word' id='word_1_127' title='bbox 888 2819 1119 2912; x_wconf 83' lang='lat' dir='ltr'>exoptant,</span> <span class='ocrx_word' id='word_1_128' title='bbox 1149 2823 1256 2912; x_wconf 86' lang='lat' dir='ltr'>quae</span> <span class='ocrx_word' id='word_1_129' title='bbox 1298 2793 1414 2886; x_wconf 80' lang='lat' dir='ltr'>recte</span> <span class='ocrx_word' id='word_1_130' title='bbox 1457 2797 1602 2886; x_wconf 88' lang='lat' dir='ltr'>minus</span> <span class='ocrx_word' id='word_1_131' title='bbox 1637 2801 1792 2916; x_wconf 87' lang='lat' dir='ltr'>scripta</span> <span class='ocrx_word' id='word_1_132' title='bbox 1834 2802 1997 2912; x_wconf 89' lang='lat' dir='ltr'>deleat,</span> 
     </span>
     <span class='ocr_line' id='line_1_18' title="bbox 468 2941 2000 3072; baseline -0.002 -28"><span class='ocrx_word' id='word_1_133' title='bbox 468 2951 665 3072; x_wconf 77' lang='lat' dir='ltr'>suppleat</span> <span class='ocrx_word' id='word_1_134' title='bbox 695 2945 869 3052; x_wconf 88' lang='lat' dir='ltr'>omilla,</span> <span class='ocrx_word' id='word_1_135' title='bbox 899 2941 1094 3036; x_wconf 83' lang='lat' dir='ltr'>obscuris</span> <span class='ocrx_word' id='word_1_136' title='bbox 1125 2943 1339 3034; x_wconf 82' lang='lat' dir='ltr'>nitorem,</span> <span class='ocrx_word' id='word_1_137' title='bbox 1371 2943 1610 3034; x_wconf 85' lang='lat' dir='ltr'>inamoenis</span> <span class='ocrx_word' id='word_1_138' title='bbox 1641 2947 1843 3065; x_wconf 83' lang='lat' dir='ltr'>gratiam,</span> <span class='ocrx_word' id='word_1_139' title='bbox 1888 2951 2000 3042; x_wconf 83' lang='lat' dir='ltr'>diffi-</span> 
     </span>
     <span class='ocr_line' id='line_1_19' title="bbox 468 3079 1994 3215; baseline -0.001 -23"><span class='ocrx_word' id='word_1_140' title='bbox 468 3101 624 3192; x_wconf 87' lang='lat' dir='ltr'>cilibus</span> <span class='ocrx_word' id='word_1_141' title='bbox 653 3079 1008 3215; x_wconf 79' lang='lat' dir='ltr'>explicationem,</span> <span class='ocrx_word' id='word_1_142' title='bbox 1037 3091 1291 3210; x_wconf 86' lang='lat' dir='ltr'>cunctisque</span> <span class='ocrx_word' id='word_1_143' title='bbox 1320 3093 1520 3186; x_wconf 87' lang='lat' dir='ltr'>ordinem</span> <span class='ocrx_word' id='word_1_144' title='bbox 1549 3095 1712 3188; x_wconf 88' lang='lat' dir='ltr'>tribuat</span> <span class='ocrx_word' id='word_1_145' title='bbox 1752 3123 1796 3190; x_wconf 88' lang='lat' dir='ltr'>et</span> <span class='ocrx_word' id='word_1_146' title='bbox 1840 3102 1994 3191; x_wconf 88' lang='lat' dir='ltr'>verita·</span> 
     </span>
     <span class='ocr_line' id='line_1_20' title="bbox 469 3238 1999 3368; baseline -0.003 -26"><span class='ocrx_word' id='word_1_147' title='bbox 469 3261 583 3344; x_wconf 89' lang='lat' dir='ltr'>te&#39;m.</span> <span class='ocrx_word' id='word_1_148' title='bbox 623 3245 723 3359; x_wconf 87' lang='lat' dir='ltr'>Quo</span> <span class='ocrx_word' id='word_1_149' title='bbox 764 3273 903 3362; x_wconf 89' lang='lat' dir='ltr'>neque</span> <span class='ocrx_word' id='word_1_150' title='bbox 946 3241 1080 3331; x_wconf 90' lang='lat' dir='ltr'>maius</span> <span class='ocrx_word' id='word_1_151' title='bbox 1122 3238 1378 3348; x_wconf 86' lang='lat' dir='ltr'>deliderare,</span> <span class='ocrx_word' id='word_1_152' title='bbox 1417 3271 1555 3359; x_wconf 91' lang='lat' dir='ltr'>neque</span> <span class='ocrx_word' id='word_1_153' title='bbox 1598 3273 1784 3362; x_wconf 90' lang='lat' dir='ltr'>unquam</span> <span class='ocrx_word' id='word_1_154' title='bbox 1827 3249 1999 3368; x_wconf 84' lang='lat' dir='ltr'>adsequi</span> 
     </span>
     <span class='ocr_line' id='line_1_21' title="bbox 470 3387 1996 3518; baseline -0.002 -28"><span class='ocrx_word' id='word_1_155' title='bbox 470 3399 654 3518; x_wconf 80' lang='lat' dir='ltr'>poliam:</span> <span class='ocrx_word' id='word_1_156' title='bbox 684 3420 787 3487; x_wconf 92' lang='lat' dir='ltr'>sunt</span> <span class='ocrx_word' id='word_1_157' title='bbox 814 3391 931 3484; x_wconf 81' lang='lat' dir='ltr'>eninr</span> <span class='ocrx_word' id='word_1_158' title='bbox 963 3391 1041 3481; x_wconf 87' lang='lat' dir='ltr'>hae</span> <span class='ocrx_word' id='word_1_159' title='bbox 1071 3387 1345 3506; x_wconf 83' lang='lat' dir='ltr'>disciplinae,</span> <span class='ocrx_word' id='word_1_160' title='bbox 1376 3419 1479 3512; x_wconf 86' lang='lat' dir='ltr'>quas</span> <span class='ocrx_word' id='word_1_161' title='bbox 1511 3394 1685 3510; x_wconf 90' lang='lat' dir='ltr'>propius</span> <span class='ocrx_word' id='word_1_162' title='bbox 1716 3419 1883 3502; x_wconf 86' lang='lat' dir='ltr'>tracto,</span> <span class='ocrx_word' id='word_1_163' title='bbox 1902 3423 1996 3487; x_wconf 87' lang='lat' dir='ltr'>turn</span> 
     </span>
    </p>
   </div>
   <div class='ocr_carea' id='block_1_4' title="bbox 329 3537 1998 3667">
    <p class='ocr_par' dir='ltr' id='par_1_4' title="bbox 329 3537 1998 3667">
     <span class='ocr_line' id='line_1_22' title="bbox 329 3537 1998 3667; baseline -0.006 -27"><span class='ocrx_word' id='word_1_164' title='bbox 329 3624 334 3640; x_wconf 33' lang='grc' dir='ltr'><em>Ι</em></span> <span class='ocrx_word' id='word_1_165' title='bbox 470 3548 571 3640; x_wconf 89' lang='lat' dir='ltr'>satis</span> <span class='ocrx_word' id='word_1_166' title='bbox 598 3575 808 3667; x_wconf 88' lang='lat' dir='ltr'>superque</span> <span class='ocrx_word' id='word_1_167' title='bbox 838 3541 1126 3663; x_wconf 90' lang='lat' dir='ltr'>periucundae</span> <span class='ocrx_word' id='word_1_168' title='bbox 1156 3537 1281 3630; x_wconf 85' lang='lat' dir='ltr'>inllat</span> <span class='ocrx_word' id='word_1_169' title='bbox 1321 3540 1518 3630; x_wconf 90' lang='lat' dir='ltr'>omnium</span> <span class='ocrx_word' id='word_1_170' title='bbox 1550 3571 1799 3660; x_wconf 88' lang='lat' dir='ltr'>magnatum</span> <span class='ocrx_word' id='word_1_171' title='bbox 1832 3571 1998 3650; x_wconf 88' lang='lat' dir='ltr'>retum,</span> 
     </span>
    </p>
   </div>
   <div class='ocr_carea' id='block_1_5' title="bbox 470 3687 2000 4279">
    <p class='ocr_par' dir='ltr' id='par_1_5' title="bbox 470 3687 2000 4279">
     <span class='ocr_line' id='line_1_23' title="bbox 470 3687 1996 3812; baseline -0.003 -28"><span class='ocrx_word' id='word_1_172' title='bbox 470 3694 879 3812; x_wconf 84' lang='lat' dir='ltr'>quarum-altitudo</span> <span class='ocrx_word' id='word_1_173' title='bbox 919 3702 998 3784; x_wconf 87' lang='lat' dir='ltr'>nos</span> <span class='ocrx_word' id='word_1_174' title='bbox 1038 3691 1199 3810; x_wconf 91' lang='lat' dir='ltr'>ubique</span> <span class='ocrx_word' id='word_1_175' title='bbox 1235 3687 1452 3796; x_wconf 85' lang='lat' dir='ltr'>delectat,</span> <span class='ocrx_word' id='word_1_176' title='bbox 1494 3714 1589 3778; x_wconf 85' lang='lat' dir='ltr'>tunt</span> <span class='ocrx_word' id='word_1_177' title='bbox 1625 3719 1650 3782; x_wconf 92' lang='lat' dir='ltr'>a</span> <span class='ocrx_word' id='word_1_178' title='bbox 1680 3693 1829 3810; x_wconf 87' lang='lat' dir='ltr'>priscis</span> <span class='ocrx_word' id='word_1_179' title='bbox 1863 3721 1996 3810; x_wconf 89' lang='lat' dir='ltr'>usque</span> 
     </span>
     <span class='ocr_line' id='line_1_24' title="bbox 474 3835 2000 3963; baseline -0.005 -27"><span class='ocrx_word' id='word_1_180' title='bbox 474 3845 762 3961; x_wconf 86' lang='lat' dir='ltr'>temporibus,</span> <span class='ocrx_word' id='word_1_181' title='bbox 791 3871 928 3963; x_wconf 89' lang='lat' dir='ltr'>quum</span> <span class='ocrx_word' id='word_1_182' title='bbox 960 3837 1074 3932; x_wconf 88' lang='lat' dir='ltr'>nuda</span> <span class='ocrx_word' id='word_1_183' title='bbox 1105 3838 1261 3932; x_wconf 89' lang='lat' dir='ltr'>veritas</span> <span class='ocrx_word' id='word_1_184' title='bbox 1278 3835 1418 3929; x_wconf 89' lang='lat' dir='ltr'>adhuc</span> <span class='ocrx_word' id='word_1_185' title='bbox 1440 3838 1644 3957; x_wconf 85' lang='lat' dir='ltr'>placeret,</span> <span class='ocrx_word' id='word_1_186' title='bbox 1667 3839 1861 3931; x_wconf 89' lang='lat' dir='ltr'>maximo</span> <span class='ocrx_word' id='word_1_187' title='bbox 1887 3867 2000 3928; x_wconf 89' lang='lat' dir='ltr'>sem·</span> 
     </span>
     <span class='ocr_line' id='line_1_25' title="bbox 475 3985 1998 4110; baseline -0.007 -27"><span class='ocrx_word' id='word_1_188' title='bbox 475 4021 553 4110; x_wconf 89' lang='lat' dir='ltr'>per</span> <span class='ocrx_word' id='word_1_189' title='bbox 583 3991 629 4082; x_wconf 94' lang='lat' dir='ltr'>in</span> <span class='ocrx_word' id='word_1_190' title='bbox 660 3992 825 4084; x_wconf 88' lang='lat' dir='ltr'>honore</span> <span class='ocrx_word' id='word_1_191' title='bbox 856 3989 1023 4084; x_wconf 86' lang='lat' dir='ltr'>habitae</span> <span class='ocrx_word' id='word_1_192' title='bbox 1053 3988 1113 4080; x_wconf 85' lang='lat' dir='ltr'>ita</span> <span class='ocrx_word' id='word_1_193' title='bbox 1143 4013 1193 4080; x_wconf 89' lang='lat' dir='ltr'>ut</span> <span class='ocrx_word' id='word_1_194' title='bbox 1222 4017 1367 4082; x_wconf 84' lang='lat' dir='ltr'>carum</span> <span class='ocrx_word' id='word_1_195' title='bbox 1400 3985 1602 4110; x_wconf 81' lang='lat' dir='ltr'>praesidio</span> <span class='ocrx_word' id='word_1_196' title='bbox 1634 3987 1998 4102; x_wconf 85' lang='lat' dir='ltr'>vigerent-artes,</span> 
     </span>
     <span class='ocr_line' id='line_1_26' title="bbox 474 4132 2000 4279; baseline -0.005 -47"><span class='ocrx_word' id='word_1_197' title='bbox 474 4169 778 4265; x_wconf 88' lang='lat' dir='ltr'>summumque</span> <span class='ocrx_word' id='word_1_198' title='bbox 808 4143 920 4235; x_wconf 90' lang='lat' dir='ltr'>inter</span> <span class='ocrx_word' id='word_1_199' title='bbox 949 4136 1147 4232; x_wconf 87' lang='lat' dir='ltr'>homines</span> <span class='ocrx_word' id='word_1_200' title='bbox 1179 4166 1396 4237; x_wconf 89' lang='lat' dir='ltr'>certamen</span> <span class='ocrx_word' id='word_1_201' title='bbox 1434 4137 1620 4233; x_wconf 85' lang='lat' dir='ltr'>essetne</span> <span class='ocrx_word' id='word_1_202' title='bbox 1658 4132 1762 4279; x_wconf 84' lang='lat' dir='ltr'>quid</span> <span class='ocrx_word' id='word_1_203' title='bbox 1805 4132 2000 4254; x_wconf 86' lang='lat' dir='ltr'>profutu-</span> 
     </span>
    </p>
   </div>
   <div class='ocr_carea' id='block_1_6' title="bbox 476 4288 1246 4414">
    <p class='ocr_par' dir='ltr' id='par_1_6' title="bbox 476 4288 1246 4414">
     <span class='ocr_line' id='line_1_27' title="bbox 476 4288 1246 4414; baseline 0.034 -35"><span class='ocrx_word' id='word_1_204' title='bbox 476 4320 573 4383; x_wconf 87' lang='lat' dir='ltr'>rum</span> <span class='ocrx_word' id='word_1_205' title='bbox 602 4296 777 4388; x_wconf 88' lang='lat' dir='ltr'>saeculis</span> <span class='ocrx_word' id='word_1_206' title='bbox 808 4292 1097 4414; x_wconf 84' lang='lat' dir='ltr'>negligeretur</span> <span class='ocrx_word' id='word_1_207' title='bbox 1114 4288 1246 4409; x_wconf 81' lang='lat'>(39)-</span> 
     </span>
    </p>
   </div>
   <div class='ocr_carea' id='block_1_7' title="bbox 1495 4940 1943 5107">
    <p class='ocr_par' dir='ltr' id='par_1_7' title="bbox 1406 4939 1943 5107">
     <span class='ocr_line' id='line_1_28' title="bbox 1495 4940 1943 5107; baseline -0.009 1.171"><span class='ocrx_word' id='word_1_208' title='bbox 1495 4940 1511 4994; x_wconf 7' lang='grc' dir='ltr'>’Ὗ</span> <span class='ocrx_word' id='word_1_209' title='bbox 1574 5019 1576 5024; x_wconf 68' lang='grc'><strong>’</strong></span> <span class='ocrx_word' id='word_1_210' title='bbox 1676 4971 1685 4986; x_wconf 79' lang='grc'><strong>’</strong></span> <span class='ocrx_word' id='word_1_211' title='bbox 1740 5007 1943 5107; x_wconf 84' lang='lat' dir='ltr'>NOTAE</span> 
     </span>
    </p>
   </div>
   <div class='ocr_carea' id='block_1_8' title="bbox 0 0 2303 6148">
    <p class='ocr_par' dir='ltr' id='par_1_8' title="bbox 0 0 2303 6148">
     <span class='ocr_line' id='line_1_29' title="bbox 0 0 2303 6148; baseline 0 0"><span class='ocrx_word' id='word_1_212' title='bbox 0 0 2303 6148; x_wconf 95' lang='lat' dir='ltr'> </span> 
     </span>
    </p>
   </div>
  </div>
 </body>
</html>
