4522 6134
602 569 874 786 f‘
555 581 1170 682 ...z-„zimegrationem
1199 583 1305 664 docet
1329 581 1480 678 primum
1504 575 1779 676 contemplando
1804 603 1925 661 casum
1950 591 2028 668 Tri.

652 721 692 762 -ψ
727 697 867 770 z-.l·bb

500 831 609 900 nomii
644 850 691 897 zz
711 849 750 900 ὲ
762 816 884 913 fz-l·
904 821 944 891 bb
976 821 1113 894 radices
1145 821 1256 894 reales
1291 817 1469 896 habentis.
1496 839 1565 890 non
1590 820 1726 916 poterit
1758 823 1848 916 quin
1885 825 2032 902 arbitre-

497 977 559 1028 tut
594 953 843 1026 universaliter
875 925 1053 1046 integrale
1088 949 1178 1022 illud
1215 971 1396 1042 nunquam
1429 947 1615 1027 obtineri,
1661 949 1727 1018 nisi
1763 953 1938 1043 praesidio
1978 981 2032 1028 af.

497 1105 604 1158 cuum
643 1079 745 1152 simul
784 1081 950 1172 Ellipseos
993 1099 1106 1173 etque
1148 1077 1406 1172 Hyperbolaet.
1448 1049 1558 1146 Nulla
1598 1077 1730 1146 etenim
1765 1077 1811 1148 ab
1846 1079 2029 1156 Alembet·

498 1232 539 1285 to
571 1207 669 1284 facta
704 1207 803 1282 adest
838 1208 925 1279 inibi
962 1209 1147 1296 limitatio,
1179 1207 1294 1277 nullus
1332 1225 1431 1274 casus
1456 1217 1647 1292 exceptus.
1674 1201 1713 1272 In
1740 1201 1808 1276 hoc
1833 1209 1943 1280 etiam
1970 1209 2043 1303 Vi·¹

498 1362 580 1415 rum
624 1339 725 1410 illum
757 1338 985 1410 clarissimum
1019 1333 1155 1430 aliquid
1187 1331 1334 1404 bomani
1370 1349 1504 1423 passum
1547 1351 1620 1398 esse
1659 1329 1900 1422 experimento
1936 1316 2045 1410 moto¹

501 1467 688 1541 adinveni.
724 1467 843 1556 Quum
876 1463 1094 1536 Rudimenta
1129 1462 1263 1532 Calculi
1308 1456 1492 1550 integralis
1527 1456 1564 1524 in
1600 1455 1845 1549 Bougainvillii
1871 1463 2029 1534 Tractare

501 1595 700 1665 adolescens
726 1593 843 1663 adhuc
870 1595 951 1662 Pisis
975 1591 1234 1684 pervolutarem
1262 1583 1386 1674 (262),
1414 1579 1505 1653 forte
1532 1577 1675 1654 fortuna
1702 1585 1768 1654 sub
1802 1609 1945 1659 manum
1970 1579 2050 1662 hn·'

502 1723 565 1794 bui
599 1719 805 1790 collectionis
841 1719 996 1790 Lucensis
1031 1717 1211 1787 Volumen
1249 1715 1354 1782 qum.
1391 1733 1432 1780 ac
1458 1730 1696 1802 postremum,
1721 1711 1821 1804 quod
1846 1713 2027 1787 vincentii

502 1849 644 1918 Riccati
670 1848 823 1917 lesuitae
850 1845 1140 1916 Dissertationem
1166 1843 1419 1936 complectitur
1443 1837 1487 1908 de
1514 1843 1645 1908 Snmma
1664 1839 1847 1910 Fotmulae
1867 1838 2028 1914 differen-

503 1977 620 2058 tialis,
654 1975 751 2044 cuius
788 1976 823 2042 in
859 1993 1032 2066 sequente
1053 1970 1111 2062 '§⁰.
1137 1995 1330 2054 sermonem
1357 1969 1482 2040 faciam
1518 1963 1640 2057 (263).
1666 1967 1748 2038 Eam
1779 1989 2028 2059 saepenumero

501 2099 702 2196 ellemberti
729 2100 901 2172 Formulis
928 2121 1151 2193 comparatus
1177 2101 1352 2174 Tabulam
1378 2091 1465 2170 mibi
1489 2096 1689 2185 composui,
1714 2115 1782 2186 qua
1818 2095 1937 2165 statim
1974 2095 2025 2166 di·

384 2324 397 2352 κ
506 2309 677 2386 gnoscere
703 2307 837 2380 possem
864 2275 987 2360 utr'um
1012 2260 1404 2436 stt-„-
1068 2226 1439 2346 11*de
1429 2285 1464 2354 in
1497 2281 1658 2376 qualibet
1691 2280 1867 2374 signorum
1899 2281 2028 2352 Trino-

415 2389 420 2397 ⁴
1063 2383 1402 2480 V÷mssfh2½

503 2529 565 2602 mii
590 2525 765 2599 radicibus
790 2522 943 2599 realibus
968 2522 1122 2618 praediti
1146 2519 1406 2594 combinatione
1431 2518 1476 2591 ab
1498 2541 1581 2591 arcu
1606 2537 1746 2592 tantum
1780 2517 2026 2612 Hyperbolae,

502 2655 563 2725 vel
599 2655 644 2724 ab
677 2675 765 2724 arcu
800 2673 940 2722 tantum
974 2653 1162 2741 Ellipseos,
1187 2649 1244 2716 vel
1270 2645 1411 2719 taudem
1437 2647 1479 2718 ab
1503 2647 1653 2720 arcubus
1678 2647 1781 2718 simul
1807 2648 1968 2738 Ellipsees
1990 2666 2026 2717 et

501 2773 732 2873 Hyperbolus
762 2775 1001 2870 dependeret.
1027 2777 1060 2850 T
1064 2775 1188 2870 abulae
1221 2771 1326 2844 huius
1351 2778 1567 2846 auctoritate
1602 2777 1759 2867 protinus
1787 2777 1870 2845 novi
1897 2773 2025 2846 metho-

504 2905 587 2980 du'm
622 2905 929 2976 elaboratissimam
952 2902 997 2974 ab
1022 2900 1232 2974 Alemberto
1257 2900 1423 2974 traditam
1450 2904 1542 2975 illius
1568 2923 1720 2974 mentem
1756 2902 2023 2994 ita-perturbas·

501 3053 565 3112 se,
589 3050 633 3101 ut
657 3052 754 3104 casus
781 3031 918 3122 aliquos
942 3019 1133 3122 singulares
1158 3030 1403 3122 excipiendos,
1429 3055 1469 3102 ac
1497 3034 1681 3124 separatim
1702 3030 1897 3102 tractandos
1917 3027 2021 3098 baud·

504 3179 689 3252 quaquam
714 3155 866 3228 viderit.
885 3155 1073 3261 “Edendam
1099 3177 1346 3241 nunclcenseo
1371 3162 1406 3229 in
1434 3161 1609 3252 publicam
1642 3160 1758 3230 lucem
1793 3158 1961 3228 Tabulam
1986 3155 2023 3222 il·

507 3285 579 3357 lam
604 3285 748 3384 olimin
774 3287 933 3376 privatos
959 3307 1039 3356 usus
1062 3287 1316 3376 conscriptum,
1343 3307 1513 3378 casusque
1552 3307 1716 3380 exceptos
1750 3305 1785 3357 et
1818 3283 2024 3356 Alembetto

502 3413 631 3488 invisos
655 3413 761 3506 ipsius
787 3413 964 3506 principiis
988 3414 1150 3486 insistens
1174 3412 1394 3506 postmodum
1419 3411 1657 3486 confirmabo.
