4566 6152
323 814 327 835 ,
364 774 1755 850 «κωκκκκκκκκκκκκκκκκακκκκκκκ»
1781 744 1797 823 ἰ

445 1055 1684 1283 Drstisirio

318 1341 389 1426 us
416 1331 566 1419 vasa
594 1321 996 1408 svucmonvm
1022 1325 1547 1416 ursrsnunnnuvnr
1574 1335 1815 1448 onsurae

472 1497 571 1580 QVA
589 1491 691 1562 cvm
709 1489 980 1586 lllTEGllALIA
998 1497 1030 1560 A
1047 1493 1412 1566 RECTIFICATIONE
1432 1499 1640 1574 PENDENT
1726 1503 1728 1508 ’

599 1632 983 1726 Aucvvnr
1043 1633 1529 1732 uuurusuos

353 1817 470 1960 ET
529 1817 1054 1958 HYPERBOLAE
1113 1819 1782 1954 APOLLONlANAE.

857 2105 1057 2173 *ΜΜΟΦ
1063 2111 1263 2178 diffluxi<-

292 2253 541 2548 Burnus
578 2377 774 2455 ranarius,
803 2375 863 2445 uir
896 2375 1066 2470 equidem
1098 2397 1280 2459 summus,
1314 2397 1354 2451 et
1385 2383 1518 2477 ingenii
1551 2385 1716 2455 acumine
1750 2383 1831 2458 Mt·

435 2503 717 2576 thematicorum
737 2508 793 2576 sui
811 2504 977 2592 temporis
996 2500 1085 2570 uulli
1102 2501 1294 2577 secundus,
1311 2524 1426 2591 usque
1442 2507 1488 2575 ab
1505 2510 1723 2579 incunabulis
1739 2509 1834 2580 Geu·
1904 2573 1907 2580 .

296 2629 448 2698 metriae
475 2629 651 2692 Limirnm
678 2633 751 2706 (ι)
776 2649 905 2696 suasor
928 2623 1001 2698 fuit
1036 2622 1256 2700 celeberrimi
1291 2622 1443 2696 huiusce
1477 2625 1744 2714 Theoreutatis,
1776 2633 1833 2702 vi·

298 2751 453 2832 delicet.
481 2751 661 2821 Summam
686 2765 865 2817 rectarum
890 2737 1177 2822 innumerarum,
1203 2763 1300 2835 quac
1325 2769 1345 2818 a
1370 2767 1506 2838 puncto
1530 2751 1683 2826 ubilibet
1717 2758 1832 2848 positu

293 2877 348 2967 (si
373 2897 540 2950 centrum
565 2897 603 2950 et
631 2873 814 2946 inlinitum
840 2867 1017 2964 excipias)
1043 2885 1144 2943 extra
1170 2868 1229 2940 vel
1254 2871 1347 2945 intra
1372 2875 1557 2952 circulum
1583 2877 1628 2952 ad
1654 2881 1729 2953 eius
1763 2885 1832 2956 eir·

296 3001 572 3078 cumscientiam
596 3002 798 3084 ducantur.
815 3001 1002 3096 aequalem
1021 3017 1092 3068 esre
1118 2995 1328 3089 superficiei
1352 2999 1511 3090 cylindri
1538 3005 1718 3080 circularis
1742 3008 1832 3082 obli·

297 3133 364 3226 qui
390 3131 465 3201 sive
491 3133 636 3215 scaleni,
664 3155 710 3204 ex
735 3130 820 3203 dato
846 3130 972 3222 puncti
997 3127 1068 3198 situ
1104 3120 1271 3196 facillime
1307 3123 1591 3204 determinandi.
1626 3133 1830 3210 Theoreuru

298 3263 396 3336 istud
421 3262 718 3356 elegantissimum
744 3281 789 3330 eo
814 3256 910 3330 redit
934 3254 1035 3350 quod
1060 3273 1194 3325 summa
1219 3252 1401 3344 praedicta
1426 3257 1652 3354 ubEllipseos
1675 3265 1830 3338 Conicae

298 3390 459 3482 uulgaris
484 3389 677 3480 perimetro
701 3386 915 3466 derivetur,
940 3381 1080 3455 tametsi
1107 3377 1265 3451 Andreas
1302 3383 1510 3478 Totquetus
1534 3389 1664 3462 lesuitt
1689 3396 1829 3465 Germa·

299 3517 406 3590 triam
430 3515 615 3606 practicam
639 3516 790 3588 scribens
816 3537 884 3586 non
912 3511 1044 3582 viderit
1068 3507 1226 3620 cylindri
1260 3509 1385 3582 scaleni
1409 3511 1643 3606 superficiem
1678 3517 1827 3592 eandem

300 3661 379 3716 etse
414 3663 500 3713 curu
534 3643 730 3733 superficie
765 3641 923 3734 cylindri
959 3639 1111 3734 clliptiei
1136 3638 1234 3726 (2),
1260 3629 1427 3710 nimirum
1453 3659 1648 3735 utramque
1674 3643 1718 3714 ab
1744 3645 1829 3716 Elli-

304 3789 407 3863 pseos
431 3765 713 3849 rectificatione,
737 3791 799 3842 teu
823 3791 865 3842 ut
892 3769 1021 3840 Graeci
1046 3764 1216 3839 dicebant
1241 3761 1576 3868 inlararspeuderess
1601 3769 1735 3864 Neque
1758 3765 1830 3840 lroc

299 3893 398 3967 idem
424 3897 566 3964 sensisse
592 3891 761 3964 videntur
787 3895 957 3988 Aegidius
980 3897 1211 3968 Personuerus
1237 3896 1483 3970 Robervallius
1507 3916 1546 3968 er
1580 3890 1713 3970 lesuita
1735 3897 1829 3972 alter

300 4022 479 4096 Antonius
505 4020 701 4100 Lalovera.
728 4039 854 4112 utpote
878 4025 944 4114 qui
970 4025 1148 4112 praeclara
1174 4025 1312 4096 inventi
1336 4044 1420 4096 ante
1446 4043 1565 4096 omncs
1589 4026 1625 4094 in
1662 4024 1832 4094 Tractare

301 4151 345 4222 ale
369 4147 638 4222 indivisibilibas
660 4145 754 4240 (3),
780 4170 821 4218 ac
847 4147 882 4216 in
907 4156 1060 4220 Veterum
1085 4150 1278 4222 Gramecrr'a
1309 4165 1460 4237 promota
1493 4167 1565 4216 ete.
1590 4143 1667 4240 (4)
1698 4144 1744 4216 dc
1774 4146 1830 4218 Fi·

302 4277 399 4372 guris
435 4271 745 4364 Cyclocylindricis
779 4275 859 4344 istas
894 4273 1105 4368 plerumque
1141 4297 1240 4368 pares
1274 4273 1596 4342 demonstraverint
1619 4269 1829 4366 Suptrficiei

303 4402 465 4494 Cylindri
490 4403 615 4476 scaleni
625 4451 635 4483 ,
660 4399 720 4472 sed
746 4399 877 4472 nullam
904 4403 1121 4472 mentionem
1146 4399 1293 4470 inierint
1315 4398 1603 4492 complanatiouis
1635 4397 1726 4495 (5),
1760 4425 1828 4480 nec

306 4549 489 4603 mensurae
515 4529 674 4602 eiusdem
699 4527 907 4623 superficiei
925 4550 994 4622 ope
1012 4527 1177 4617 Ellip'seos
1194 4525 1234 4596 ab
1252 4525 1513 4619 antiquioribus
1533 4529 1729 4602 Geometris
1746 4553 1830 4604 con·

305 4657 524 4748 templarae.
548 4655 654 4748 Quod
679 4679 758 4728 stne
786 4655 956 4727 miraculo
982 4655 1180 4749 proximum
1205 4654 1284 4726 iure
1309 4655 1446 4724 censuit
1472 4655 1645 4749 Georgius
1662 4655 1830 4730 llrafftius

304 4785 343 4854 ln
370 4783 562 4854 Volumine
588 4785 704 4854 xlv0.
728 4803 894 4856 veterum
920 4785 1229 4857 Commentariorum
1253 4783 1458 4853 Academiae
1475 4783 1693 4854 scientiarum
1718 4789 1827 4869 Impa-

306 4908 409 4996 ¹rr‘nlis
434 4913 708 5004 Petropcla'tanac
731 4912 776 4988 de
801 4911 997 5010 superficie
1023 4912 1182 5002 Cylindri
1199 4911 1339 4988 eccuni
1354 4914 1552 5014 scalrnccana
1566 4910 1734 4982 disserens
1754 4903 1832 4993 (6),

1041 5044 1078 5136 Α
1386 5113 1389 5120 ,
1627 5046 1634 5065 -
1659 5050 1781 5131 quum
