4468 6124
518 427 668 580 Rdcgurrir
686 507 783 570 etlam
803 505 992 565 sceleratam
1011 501 1154 583 analogia
1171 518 1245 566 curn
1262 503 1365 569 Solido
1385 512 1503 570 scaleno
1522 507 1592 586 Hy·

559 587 716 668 perbolico
734 595 844 642 acuto.
1608 581 1685 649 ibid.
1699 601 1733 652 et
1753 595 1804 658 161

523 667 648 732 Limites
662 663 838 724 Currarum
856 655 1003 718 harumce
1023 656 1248 726 inlustrantur.
1285 662 1473 738 unesitisque
1492 681 1596 724 exem·
1807 643 1828 714 ’-
1891 657 1895 664 '

560 745 621 824 plis
640 735 814 800 ostenditur
835 735 915 795 varii
935 733 1053 795 ordinis
1077 733 1202 814 prodire
1230 679 1376 811 induite,
1396 755 1429 800 et
1445 737 1594 802 Infinite·
1785 729 1791 740 ⁸

565 836 665 899 parva
682 815 722 878 eb
740 812 814 891 ipsis
834 811 1011 872 Limitibus.
1611 799 1694 880 ibidf

529 897 635 966 Facile
655 892 888 953 demonstratur
906 887 991 965 quod
1009 886 1228 961 Alembnrtus,
1246 889 1361 967 aliique
1380 891 1597 964 adseruerant,

562 973 638 1035 dum
658 966 873 1046 Hyperbolam
894 965 1015 1026 scilicet
1033 965 1193 1041 Apollonii
1213 967 1367 1044 simulque
1387 969 1597 1048 Logarith'mi·

564 1068 635 1112 cam
655 1045 694 1106 ad
721 1043 864 1105 eamdem
884 1043 1104 1119 Asymptotam
1123 1045 1254 1106 relatam
1273 1045 1481 1108 animadversi
1496 1049 1534 1108 de
1548 1049 1597 1108 ln·

566 1126 656 1190 finito
675 1122 825 1201 paradoxo
845 1119 1074 1180 disseruerunt.
1113 1129 1116 1140 ’
1615 1119 1689 1182 ibid.
1701 1137 1734 1182 et
1755 1123 1820 1188 162.

516 1202 579 1270 ΓΑΒ
597 1197 949 1279 Hyperbolae-Circuli
968 1199 1053 1256 Area
1073 1194 1212 1270 profluit
1237 1195 1390 1258 dimensio
1418 1199 1599 1276 superficiei

563 1277 701 1342 Rotundi
731 1274 816 1335 illius
835 1271 930 1332 Solidi
959 1271 1057 1348 geniti
1075 1290 1094 1327 a
1122 1271 1403 1332 circumvolutione
1431 1275 1602 1339 cuiuslibet

562 1354 719 1436 Segmenti
739 1349 906 1412 Circularis
921 1348 1078 1424 ingyrum
1096 1345 1161 1405 acti
1179 1345 1297 1406 circum
1312 1347 1470 1410 Chordem
1484 1351 1597 1427 ipsIus,

561 1435 713 1496 nimirum
748 1423 930 1504 Testudinis
959 1439 1015 1482 aut
1043 1419 1164 1494 Tholi,
1193 1439 1286 1498 quem
1306 1422 1463 1486 Gothicum
1481 1447 1598 1496 nuncu-

563 1527 655 1589 pant.
675 1507 823 1584 Quinimo
843 1518 876 1561 et
895 1517 1039 1560 mensura
1058 1501 1097 1558 ab
1116 1497 1305 1558 Archimede
1320 1499 1436 1560 tradita
1455 1503 1598 1585 integrae

572 1587 755 1665 sphaericae
776 1577 956 1655 Superficiei
974 1595 1056 1635 nova
1074 1575 1130 1634 hac
1151 1573 1299 1635 methodo
1318 1576 1536 1643 confirmatur.
1619 1571 1734 1636 ibides
1754 1573 1818 1653 163.

454 1719 458 1725 .
494 1667 525 1746 ς.
547 1678 593 1744 50.
625 1661 750 1723 Ternae
778 1656 858 1716 aliae
889 1653 1056 1716 Clairautii
1084 1653 1205 1713 Curvae
1224 1654 1384 1714 occasione
1402 1653 1602 1722 dataerrami-

576 1743 609 1803 ni
629 1737 855 1799 subiiciuntur.
874 1734 922 1792 Ac
942 1731 1079 1806 primum
1097 1728 1199 1788 obiter
1218 1747 1381 1792 enarratur
1408 1752 1601 1813 quantopere

571 1813 739 1880 Clairaurii
759 1811 855 1888 ipsius
875 1825 908 1868 et
927 1805 1097 1868 Christiani
1116 1805 1255 1941 Hucifflii
1277 1825 1376 1868 novae
1395 1809 1520 1872 Lineae·
1537 1815 1606 1875 illis

579 1905 773 1971 praestante
793 1889 916 1948 Comite
935 1883 1046 1944 Carolo
1065 1883 1161 1942 Renal
1184 1883 1236 1942 ino
1255 1883 1401 1947 Mediceis
1421 1891 1560 1950 vocatis.
1617 1873 1693 1935 ibid·

533 1973 747 2054 symptomata
765 1962 968 2042 proferuntur
995 1959 1080 2018 illius
1107 1961 1247 2028 Curvae,
1274 1979 1369 2038 quam
1397 1965 1602 2028 Medianum·

572 2045 784 2112 Parabolicam
806 2039 995 2102 Clairautius
1013 2035 1098 2096 idem
1116 2035 1268 2111 adpellat,
1287 2053 1320 2097 et
1338 2045 1523 2115 praesertim
1535 2045 1602 2106 eius
1675 2083 1677 2088 -

484 2199 488 2208 .
572 2123 727 2188 mirabilis
746 2117 899 2182 harmonia
920 2133 992 2175 cunr
1010 2112 1214 2174 Lemniscatis
1233 2132 1269 2172 ac
1289 2113 1386 2177 Linea
1405 2135 1511 2183 recta.
1621 2099 1698 2166 ibid·
1706 2121 1739 2167 et
1757 2105 1820 2182 164.

536 2295 780 2358 Demonstratut
799 2278 1030 2360 simplicissime
1046 2275 1187 2338 omnium
1199 2275 1379 2340 Theorema

573 2417 667 2480 Tan.
724 2461 731 2476 .

539 2431 805 2561 Proditifdiiliter
825 2507 843 2548 a
861 2484 958 2546 Linea
987 2497 1076 2544 reeta
1104 2479 1497 2559 Mediana-Hyperbolica
1526 2485 1609 2549 clap.
1648 2503 1653 2510 ·

573 2572 690 2634 taurii.
709 2567 879 2641 Praecipue
898 2577 1004 2624 aurem
1032 2558 1165 2621 solvitur
1189 2563 1360 2638 paradoxon
1388 2562 1422 2621 in
1450 2563 1518 2624 eius
1543 2565 1606 2626 Ae·

545 2675 548 2682 ’
574 2651 724 2729 quatione
744 2643 933 2704 consistens.
1446 2696 1450 2710 Ι
1624 2633 1741 2702 ibim
1762 2635 1828 2716 ¹⁶5*
1915 2657 1916 2660 =

536 2729 623 2796 Area
643 2721 852 2798 investigatur
872 2715 1044 2777 Claireutio
1064 2713 1241 2792 incognita,
1265 2731 1345 2792 quae
1372 2734 1392 2775 a
1420 2715 1609 2792 quadratura

576 2803 733 2884 dependet
751 2795 950 2876 Hyperbolae
968 2794 1094 2854 tonicae
1114 2809 1168 2850 seu
1193 2789 1435 2868 Logarithmicis
1464 2793 1608 2864 Tabulis,

578 2898 612 2943 et
631 2884 790 2958 signanter
810 2868 985 2948 analogiam
1004 2869 1300 2948 proportionemque
1328 2883 1432 2929 servat
1458 2870 1606 2929 Numeris
1707 2923 1709 2928 .

575 2959 640 3020 illis
658 2949 952 3034 transcendentibus,
970 2964 1047 3024 quos
1065 2959 1178 3008 vocant
1202 2945 1390 3007 Geometrae
1416 2943 1602 3006 latitudines

577 3049 758 3097 crescentes.
1621 3014 1697 3076 ibid.
1706 3023 1741 3074 et
1759 3007 1828 3072 166.

540 3113 657 3176 Eadem
677 3109 775 3168 Linea
797 3104 891 3166 Locus
920 3113 967 3160 est
995 3100 1151 3159 Conornrn
1179 3113 1355 3170 rectorum,
1375 3095 1509 3172 exceptis
1525 3091 1610 3156 Basi-

576 3190 655 3248 bus,
676 3178 845 3260 Superlicie
873 3177 1072 3254 isuperimesra
1105 3173 1329 3264 gaudentium,
1357 3173 1489 3252 ideoque
1508 3172 1612 3234 analo·

577 3280 617 3344 ga
636 3259 856 3338 Hyperbolae,
877 3251 1064 3320 Parabolae,
1083 3249 1197 3312 laneae
1220 3265 1342 3321 rectae,
1360 3267 1420 3312 etc.
1628 3241 1702 3308 tirid.

538 3341 701 3404 Postrema
727 3335 897 3398 Linearum
925 3329 1030 3393 Alexis
1059 3327 1225 3388 Clairautii
1254 3341 1301 3386 est
1328 3327 1470 3388 omniunt
1498 3325 1612 3396 unita,

576 3437 656 3497 quae
673 3417 718 3478 ,in
752 3433 785 3474 se
813 3410 937 3471 redeat.
967 3403 1134 3467 Parabolee
1161 3406 1191 3466 A
1233 3403 1389 3465 llonianae
1415 3401 1614 3464 adfinitatem

575 3493 745 3575 quamdam
764 3488 876 3555 habet,
897 3483 950 3546 sed
967 3499 1015 3542 est
1033 3479 1192 3557 quadrigib
1210 3501 1246 3541 o.
1267 3481 1410 3558 Quaruor
1429 3495 1561 3556 puncta,
1581 3478 1614 3538 in

577 3573 691 3652 quibus
710 3583 831 3634 tumet,
851 3583 870 3623 a
889 3559 1061 3622 Clairaurio
1080 3573 1205 3636 reperte
1223 3575 1282 3634 ope
1294 3551 1554 3632 diffitentiolium,
1567 3557 1614 3616 in·

579 3651 750 3711 veniuntur
778 3657 811 3704 et
837 3641 1089 3701 demonstrantur
1118 3633 1303 3709 syncletices
1330 3651 1367 3694 ac
1395 3647 1560 3708 praeterea
1577 3631 1610 3691 in

574 3746 639 3805 quo
658 3720 825 3784 conveniat
842 3715 995 3779 adseritur
1012 3730 1085 3774 cunr
1098 3709 1294 3788 quadrigilba
1308 3709 1482 3790 percelebri
1501 3707 1612 3770 Iohan·
1631 3768 1637 3784 ,
1665 3769 1671 3786 ,

577 3805 625 3864 nis
644 3797 822 3864 Bernoulli.
1628 3766 1703 3834 ssmi-
1713 3781 1746 3833 θῑ
1761 3763 1835 3842 Ῑὸῖν

537 3877 661 3943 Curvae
680 3874 819 3936 eiusdem
838 3873 920 3934 Area
931 3913 939 3939 ‚
951 3867 1152 3962 Solidumque
1170 3861 1342 3928 rotundum
1361 3863 1401 3926 ab
1419 3861 1504 3924 illius
1522 3879 1611 3924 revo-

577 3957 699 4019 lutione
717 3953 877 4043 genitum.
897 3949 1023 4009 tametsi
1042 3945 1215 4011 Clarrautio
1243 3942 1328 4003 inter
1356 3941 1514 4020 incognita
1542 3937 1612 4000 fue·

574 4035 664 4103 rint,
679 4045 816 4108 primum
835 4025 1036 4088 adseruntur.
1056 4023 1196 4085 Solidum
1221 4016 1365 4096 profecto
1385 4018 1614 4094 alpuadratvre

575 4109 695 4174 Circuli
706 4106 819 4184 pendet
829 4152 838 4166 .
850 4106 934 4165 Area
944 4119 1019 4162 vero
1033 4101 1072 4160 ab
1082 4099 1225 4160 Accubus
1244 4095 1337 4165 simul
1348 4095 1500 4172 Ellipseus
1515 4107 1610 4167 atque

574 4185 793 4266 Hyperbolus,
812 4197 845 4243 et
862 4181 886 4240 si
910 4193 1019 4239 nanter
1037 4177 1077 4239 ab
1095 4171 1408 4240 ArcuLcmniscatae
1419 4169 1611 4234 Bernoullio·

568 4277 654 4328 'rum
673 4284 710 4326 ex
729 4261 866 4322 inventis
884 4197 1038 4336 dignari.
1626 4235 1703 4306 ibid.
1715 4249 1747 4305 et
1767 4234 1830 4302 168.

537 4345 598 4408 Per
617 4341 854 4419 certificationem
873 4337 1059 4396 Conicarum
1086 4331 1285 4424 integrantur
1311 4325 1489 4394 Functiones
1515 4342 1638 4412 quaeg
1665 4395 1671 4411 ι

578 4420 649 4481 dam
668 4437 767 4479 novae
788 4411 1041 4476 Marlaurinianis
1059 4410 1232 4472 absimiles.
1629 4394 1707 4460 rbrd.
1743 4437 1747 4445 -

500 4497 533 4577 §.
553 4509 598 4576 51.
617 4495 734 4557 Trium
754 4495 927 4556 curvarum
946 4489 1137 4568 geometrice
1156 4485 1382 4565 quadraturam
1398 4481 1612 4562 Aequetiones
1666 4551 1674 4566 ³

576 4576 779 4634 trinomiales.
1120 4581 1122 4586 '
1632 4553 1676 4618 ibt
1696 4592 1706 4610 ·

537 4646 641 4711 Unius
660 4642 960 4724 quadraturavfacile
978 4643 1141 4707 derivetur
1166 4663 1185 4706 e
1204 4639 1396 4708 dimensione
1424 4639 1526 4698 Areae
1547 4633 1618 4709 Hy·

603 4724 870 4786 echome-circuli
890 4723 1030 4798 superius
1049 4721 1186 4792 tradita,
1206 4737 1239 4783 et
1256 4739 1330 4784 cum
1347 4739 1386 4780 ea
1403 4709 1546 4786 Ungulae
1558 4711 1621 4786 cy·

579 4741 676 4862 iindri
694 4801 774 4858 recti
793 4797 955 4860 circularis
975 4799 1107 4860 mirifice
1126 4799 1288 4876 congruit.
1774 4765 1836 4848 1⁶9·

537 4876 797 4958 'simplicissimae
817 4877 994 4969 currerem
1021 4875 1173 4940 remote
1196 4866 1357 4951 aequatio
1383 4861 1522 4934 traditur
1549 4873 1620 4928 tem
