4522 6134
286 631 363 720 ff
430 498 1024 710 qrzls(-¹'-'„-÷1)q²z²-a¹¹²

595 669 640 718 26

275 732 410 764 ....

290 773 369 862 l?
594 781 860 904 αῖ*

226 997 982 1276 sstzlmlrisst¹lr²2’-r0“²

1038 763 1049 800 ,
1075 730 1138 787 dut

1017 1229 1028 1267 ,
1063 1181 1122 1256 uel
1160 1177 1303 1258 demum
1339 1182 1577 1262 universalius

275 1411 544 1678 ᾸΪῆἕ-,ξῖ-ἷς
570 1501 667 1602 quod
691 1502 869 1598 lntegrale
895 1526 912 1575 a
937 1503 1199 1580 rectificatione
1224 1527 1327 1578 arcus
1362 1503 1590 1602 Hyperbolae
1624 1505 1757 1607 deperi

367 1633 393 1676 x
421 1643 472 1656 ”···
1480 1671 1484 1678 .

223 1734 345 1808 debit.
369 1729 645 1804 Observandum
673 1750 791 1802 tamen
817 1751 891 1815 est,
917 1728 1015 1822 quod
1051 1731 1164 1822 prima
1199 1725 1318 1800 fronte
1350 1729 1549 1818 paradoxon
1581 1727 1755 1824 adparet,

776 1858 1051 2007 affl

801 2024 1015 2125 esim

225 2167 399 2277 gnistam
431 2185 467 2252 in
491 2183 753 2259 Numeratore‚
788 2203 898 2272 quant
923 2183 959 2254 in
997 2181 1299 2262 Denominutore,
1336 2176 1495 2252 utillud
1521 2175 1635 2268 in§⁰.
1661 2189 1762 2275 πω.

486 2340 543 2511 s
568 2309 850 2422 ἀκμῇ-’-
989 2397 998 2412 ,
1048 2397 1056 2412 ,
1329 2399 1338 2415 ‚
1405 2349 1411 2354 '
1564 2400 1573 2417 ‚

228 2421 462 2476 memoratum
539 2427 900 2574 ᾖ,
925 2419 964 2466 er
988 2395 1121 2465 rdcrtco
1145 2395 1211 2468 bac
1245 2419 1385 2488 gemma
1421 2418 1643 2488 expressione
1667 2405 1764 2476 lnte·

226 2623 336 2722 gralia
364 2622 539 2714 proposita
569 2643 674 2690 unum
701 2619 863 2688 aridem
898 2613 1118 2708 significare,
1144 2615 1240 2686 unde
1275 2607 1555 2710 consequeretur
1586 2624 1764 2698 incertum
1853 2690 1855 2697 .

227 2750 394 2822 futurum
421 2749 462 2817 iri
488 2771 531 2816 an
557 2768 625 2836 ope
653 2745 837 2834 Ellipseos.
863 2765 906 2812 an
940 2761 1007 2830 ope
1044 2742 1270 2832 Hyperbolae
1296 2767 1576 2820 summarentur.
1604 2752 1764 2824 Tollitur

223 1961 401 2054 Integrale
426 1955 534 2030 huius
559 1951 694 2028 formae
1066 1977 1185 2049 reapse
1219 1953 1313 2027 idem
1348 1973 1443 2034 etse.
1476 1957 1686 2048 permutatis
1716 1957 1760 2027 si·

228 2899 316 2948 uero
350 2873 536 2948 difficultas
571 2873 684 2942 omnis
721 2896 741 2942 a
776 2863 1060 2940 Co'e'fficientium
1099 2873 1388 2963 comparatione,
1422 2897 1519 2968 quae
1542 2882 1761 2970 comparatio

226 3005 399 3078 criterium
425 3004 552 3072 tribuit
576 3001 621 3072 ad
645 2996 925 3092 dignoscendum
950 2991 1097 3088 quando
1119 2995 1166 3066 ab
1192 2999 1337 3091 Ellipsi,
1362 3000 1506 3094 quando
1542 3005 1587 3074 ab
1621 3007 1761 3098 Hyper·

229 3132 309 3201 bola
337 3130 511 3222 lntegrale
538 3131 651 3218 ipsum
676 3126 852 3220 pendeat,
879 3126 997 3194 veluti
1021 3124 1139 3195 obiter
1165 3121 1278 3221 dicam
1304 3147 1422 3217 postea
1441 3131 1611 3222 quamde
1631 3107 1757 3204 inven-

230 3258 276 3328 tis
302 3258 463 3332 Rimari,
489 3255 623 3332 Euleri.
647 3277 689 3326 ac
715 3255 863 3323 Lexellii
890 3255 924 3322 in
947 3249 1006 3341 §⁰.
1034 3257 1123 3342 44¹⁰.
1149 3256 1361 3330 mentionem
1388 3257 1524 3328 inierim
1551 3255 1564 3342 (
1574 3279 1582 3327 r
1591 3261 1679 3349 51).

327 3353 390 3476 '40.
415 3380 656 3453 Fundamenta
683 3385 750 3452 iam
777 3381 876 3472 posui
903 3383 938 3449 in
963 3375 1159 3466 Superlicie
1183 3372 1341 3466 Cylindri
1365 3381 1492 3451 scaleni
1512 3382 1698 3464 (nimirum
1724 3387 1760 3456 in

232 3511 426 3582 Elemenris
449 3509 674 3579 Geometriae
700 3506 834 3600 (r5ol)
862 3505 1174 3599 praestantissimae
1199 3505 1292 3576 illins
1318 3509 1424 3598 partis
1444 3507 1579 3579 Calculi
1605 3511 1762 3582 Summa-

230 3641 338 3718 torii,
365 3659 456 3730 quae
482 3639 726 3728 cognationem
753 3634 915 3708 intimam
942 3632 1071 3704 habeat
1096 3655 1177 3702 cum
1203 3633 1356 3704 arcubus
1377 3635 1539 3727 Ellipseos
1558 3656 1594 3706 et
1621 3638 1761 3726 Hyper·
1867 3613 1871 3624 ⁸

230 3763 358 3834 bolae.
385 3763 534 3833 Ceterae
559 3785 676 3832 omnes
702 3765 909 3833 Functiones
934 3759 1182 3852 dfflrentioles
1220 3783 1363 3832 arcuum
1400 3765 1553 3853 ipsorum
1588 3763 1760 3856 praesidio

235 3889 467 3982 integrabiles
491 3887 536 3958 ad
562 3889 688 3980 primas
712 3889 934 3958 reducuntur
957 3889 1126 3960 hactenus
1147 3890 1372 3979 ,explicatasr
1390 3911 1430 3960 et
1456 3887 1621 3961 facillima
1648 3891 1761 3960 artifi-

223 4021 290 4088 cia
316 4019 492 4106 analytica
517 4013 564 4086 ad
589 4014 656 4084 boc
680 4015 968 4106 consequendum
993 4015 1133 4084 exstant
1159 4016 1194 4082 in
1222 4017 1373 4106 vulgatis
1399 4015 1575 4104 Operibus
1611 4015 1656 4082 de
1681 4017 1760 4084 Cal·

230 4143 316 4215 culo
342 4137 730 4234 infinite-parvorum·
756 4137 878 4209 Nihilo
902 4157 1020 4210 tamen
1046 4144 1160 4211 minus
1186 4139 1344 4210 ordinem
1370 4160 1569 4229 tempotum
1607 4161 1758 4231 sequens

232 4270 403 4341 nonnulla
426 4267 592 4338 delibabo
620 4268 676 4336 vel
703 4287 746 4338 ut
770 4267 869 4337 nouis
893 4265 1147 4338 adsertionibus
1171 4281 1227 4336 'res
1251 4287 1377 4357 suapte
1407 4273 1536 4336 ‘natura
1572 4263 1761 4360 elegantis·

232 4397 319 4465 sima
343 4419 387 4464 eo
412 4397 519 4487 magis
542 4390 735 4487 effulgeat,
761 4391 817 4462 vel
844 4413 888 4464 ut
912 4393 1098 4463 inutilibus
1125 4395 1226 4464 ramis
1251 4397 1441 4486 amputatis
1477 4391 1649 4464 feliciores
1686 4391 1760 4466 fru-

232 4542 314 4592 ctus
340 4521 468 4591 inserat
492 4521 652 4592 doctrina
688 4521 857 4591 Pascallit
895 4523 934 4592 ln
959 4519 1026 4590 bac
1053 4523 1234 4614 provincia
1260 4519 1460 4592 exornanda
1485 4524 1645 4594 omnibus
1673 4543 1759 4593 vere

231 4647 392 4741 praeivit
417 4647 557 4716 lacobus
583 4649 825 4728 Bernonllius,
851 4651 989 4720 tametsi
1018 4647 1126 4720 lulius
1150 4649 1294 4718 Carolus
1320 4647 1500 4738 Fagnanus
1537 4651 1580 4719 ab
1619 4651 1756 4718 Anero-

233 4775 332 4850 ribus
357 4773 611 4849 Institutionum
635 4783 817 4871 Aoopstot
841 4779 1014 4852 Bononiae
1039 4757 1214 4854 editarum
1233 4799 1326 4851 anno
1344 4777 1668 4850 M.DCC.LXVll⁰.
1688 4777 1758 4864 pri·

1012 4903 1044 4976 ll
1638 4921 1711 4971 mas
